2672 4052
576 277 796 340 ...22-

267 431 302 498 Si
325 433 464 518 quaeda
484 433 663 500 mutatione
687 457 898 519 personarum
921 435 1072 503 adnotavi
1096 439 1197 522 respi-

178 524 289 610 cimus,
313 527 540 609 argumentum
563 523 746 589 comoediae
765 545 897 610 graecae
917 524 1123 609 aptissimum
1141 527 1197 593 hio

177 614 279 678 latere
307 612 525 677 confitendum
553 616 614 697 est,
644 634 748 698 neque
777 612 915 678 multum
944 613 1032 679 illius
1059 614 1198 682 actionis

177 705 327 767 naturam
350 701 524 766 abhorrere
549 701 703 767 concedes
726 701 767 766 ab
787 701 840 787 iis,
864 724 945 786 quae
965 703 1003 766 de
1017 702 1196 770 Menandro

179 795 211 856 et
235 812 275 855 ex
298 789 537 855 imitationibus
560 789 781 856 Romanorum
805 794 837 855 et
861 812 901 854 ex
924 791 1028 876 ipsius
1047 792 1197 877 reliquiis

179 880 305 945 scimus.
343 879 460 944 Totam
478 882 587 943 autem
606 879 750 945 fabulam
769 884 936 964 tamquam
955 879 989 944 in
1007 880 1135 946 cardine
1151 881 1196 946 vi·

178 969 290 1033 demus
313 967 395 1032 verti
414 966 449 1032 in
468 966 525 1031 illa
542 989 590 1053 re,
615 968 701 1052 quod
720 968 907 1033 adulescens
926 967 971 1033 ita
990 969 1136 1055 vestitus,
1158 975 1196 1035 ut

177 1079 274 1122 sexus
297 1055 444 1142 dignosci
467 1060 619 1142 nequeat,
646 1057 766 1144 virgini
790 1057 909 1122 insciae
936 1057 1003 1122 vim
1026 1057 1137 1142 infert,
1162 1063 1196 1124 et
1311 1123 1312 1128 ,

165 1146 239 1210 ¹hae
262 1145 348 1210 vices
372 1144 544 1210 ‘masculae
563 1145 712 1232 virginis'
736 1145 802 1210 sive
822 1146 1003 1232 androgyni
1022 1168 1135 1211 rursus
1155 1147 1197 1212 ad

176 1233 345 1300 Menandri
360 1234 558 1300 comoediam
572 1238 738 1319 tamquam
749 1234 935 1318 exemplum
945 1235 1087 1319 primum
1096 1235 1195 1301 huius

177 1322 329 1389 carminis
361 1346 421 1388 nos
453 1320 646 1410 revocant¹).
689 1321 752 1388 Sed
781 1323 816 1387 in
844 1322 997 1389 Guilelmi
1029 1324 1195 1389 comoedia

174 1413 235 1477 hae
250 1412 454 1496 antiquitatis
469 1411 624 1496 reliquiae
639 1412 868 1496 opprimuntur
882 1412 949 1477 fere
967 1412 1195 1478 additamentis

175 1501 273 1567 medii
292 1501 371 1585 aevi,
390 1506 426 1566 ut
445 1501 500 1565 vix
514 1501 618 1566 forma
632 1499 739 1586 prisca
753 1501 885 1578 eluceat.
899 1500 1034 1567 Utinam
1048 1502 1195 1568 fabulam

175 1590 321 1676 quamvis
345 1590 511 1655 ‘rusticam
530 1594 562 1655 et
582 1590 720 1656 exulem'
740 1594 837 1674 poeta
856 1594 1014 1656 servasset
1031 1590 1194 1676 nobisque

175 1680 373 1764 tradidisset,
398 1680 526 1764 qualem
550 1679 620 1762 ipse
644 1679 782 1763 accepit!

264 1766 327 1832 Sed
348 1767 428 1832 haec
450 1765 650 1854 hactenus2).
687 1766 834 1832 Alteram
852 1764 954 1831 Aldae
973 1768 1104 1832 fabulae
1127 1791 1195 1834 non

175 1855 366 1921 dissimilem
388 1855 608 1922 narrationem
631 1860 667 1921 ut
686 1860 860 1921 tractemus
880 1860 990 1942 restat,
1010 1857 1140 1922 obviam
1158 1857 1195 1923 in

176 1944 353 2030 exemplari
384 1945 461 2010 libri
495 1944 745 2032 divulgatissimi
779 1944 944 2010 ‘historiae
972 1943 1035 2010 VH
1068 1945 1194 2030 sapien·

174 2032 320 2122 rium’³)‚
349 2034 568 2101 narrationem
596 2034 666 2100 dico
695 2034 746 2099 ‘de
774 2033 889 2100 iuvene
919 2033 1071 2099 muliebri
1102 2039 1193 2100 veste

176 2163 389 2170 ——---...-..——

248 2230 274 2298 1)
293 2227 371 2293 Quae
400 2228 434 2283 de
458 2225 607 2284 Menandri
635 2226 781 2283 comoedia
809 2229 974 2298 supersunt,
1002 2226 1191 2297 comparatio·

173 2314 238 2353 nem
266 2298 341 2353 inter
359 2301 508 2367 utramque
531 2315 588 2353 non
611 2298 779 2366 admittunt,
799 2301 895 2354 tamen
918 2298 1027 2352 nullum
1050 2297 1192 2368 fragmen-

174 2371 236 2424 tum
254 2368 298 2436 iis,
319 2385 390 2437 quae
409 2369 440 2422 in
459 2368 533 2422 Alda
550 2371 715 2438 narrantur,
735 2385 792 2422 non
810 2369 970 2439 respondet.
1007 2368 1095 2424 Velut
1113 2369 1137 2423 si
1157 2386 1192 2425 ex

173 2439 315 2494 Athenaei
329 2447 353 2509 6,
370 2440 457 2495 2481).
478 2439 521 2509 (fr.
537 2445 572 2494 56
591 2439 682 2507 Kock)
704 2440 874 2510 μνημονεύει
892 2439 1083 2532 ςΜένανὸρος)
1103 2442 1191 2496 αὐτοῦ

175 2515 241 2578 (Χαι
261 2519 385 2582 sparsos
402 2519 453 2567 τοῦ
471 2513 639 2581 παρασίτου)
659 2510 707 2566 καὶ
727 2506 757 2566 ἐν
774 2506 945 2584 Ἀνδρογυνφ
959 2508 976 2579 ἢ
992 2514 1085 2581 Κρητί
1099 2510 1129 2566 in
1145 2529 1191 2567 co·

174 2533 288 2639 moedis
320 2581 433 2638 affuisse
464 2581 621 2653 parasitum
644 2582 851 2651 concludimus,
879 2581 909 2636 in
932 2581 1006 2637 Alda
1029 2582 1064 2638 de
1089 2582 1190 2653 Spurio

175 2653 309 2708 dicuntur
322 2653 417 2723 plura,
437 2669 510 2722 quae
523 2653 680 2723 parasitum
693 2652 785 2724 magis
800 2669 884 2722 quam
901 2670 1011 2708 servum
1030 2652 1141 2725 decent,
1159 2660 1192 2710 ut

174 2725 297 2779 fortasse
316 2740 350 2778 ex
369 2726 501 2793 utroque,
520 2725 647 2794 parasito
662 2726 692 2779 et
706 2741 794 2792 servo,
814 2723 885 2778 haee
903 2741 1024 2794 persona
1044 2725 1190 2781 coaluerit.

176 2796 277 2851 Cetera
294 2795 454 2866 fragmenta
473 2794 629 2850 sententias
647 2796 812 2865 plerumque
831 2812 992 2850 communes
1011 2795 1153 2853 exhibent.

240 2870 275 2938 a)
295 2866 470 2922 conferenda
489 2869 555 2921 sunt
569 2866 750 2936 aliquatenus
764 2865 884 2922 Achillis
900 2869 929 2921 et
942 2865 1106 2924 Deidamiae
1120 2867 1190 2936 fata,

175 2954 248 3006 quae
268 2937 407 3007 originem
422 2937 537 3008 sapiunt
555 2938 753 3004 recentiorem
773 2937 838 2992 vide
852 2937 995 2992 Erwinum
1010 2937 1109 2993 ltohde
1125 2940 1193 2994 ‘Der

175 3007 281 3090 griech.
301 3009 430 3064 Roman’
446 3025 511 3090 pag.
529 3015 588 3078 102,
608 3011 665 3065 not.
682 3017 705 3064 2.
739 3008 816 3063 Haec
830 3008 928 3063 fabula
941 3007 1035 3063 medio
1051 3025 1121 3064 aevo
1135 3027 1192 3065 non

175 3081 275 3206 dgnola
294 3082 356 3206 artat
375 3081 535 3204 ettsaeprqs
554 3081 744 3207 trchabatur3
768 3079 804 3135 cf.
823 3078 910 3135 etiam
928 3078 1014 3133 Alani
1032 3080 1069 3134 ab
1088 3080 1192 3136 insulis

197 3167 211 3206 e
262 3167 484 3207 anounaurae
519 3168 569 3216 ,v.

230 3170 298 3278 ‘iren
315 3223 399 3278 modo
414 3221 526 3276 Pelides
541 3219 677 3277 mentitur
691 3221 819 3292 (metitur
833 3221 880 3277 ed.
896 3221 1053 3347 Iqteyseri)
1072 3219 1190 3291 virginis

887 3309 903 3346 a
931 3311 964 3349 us

301 3366 334 3420 ut
352 3365 392 3420 sio
410 3363 569 3434 virginibus
588 3380 618 3419 se
636 3363 738 3434 probet
756 3380 817 3419 esse
836 3363 948 3420 virum’.
970 3337 977 3365 ⁹

248 3439 275 3504 8)
295 3435 442 3492 Editiones
471 3437 500 3490 et
528 3434 742 3491 dissertationes
771 3434 888 3518 collegit
909 3435 1015 3491 Paulus
1038 3429 1135 3489 Caesel
1160 3428 1191 3485 in

179 3503 309 3562 ‘Mischle
329 3505 464 3576 Sindbad,
484 3507 641 3576 Secundus,
662 3505 808 3576 Syntipas,
827 3505 992 3576 Emleitung
1010 3523 1037 3559 u.
1055 3504 1190 3573 Deutung

177 3577 226 3632 des
254 3577 365 3704 Buqlres
394 3578 444 3634 der
469 3577 572 3634 Sieben
594 3577 700 3634 weisen
721 3576 849 3634 Meister'
876 3577 966 3644 1891⁸,
993 3590 1058 3644 pag.
1079 3579 1113 3631 24
1128 3592 1189 3646 sqq.

178 3665 242 3705 cum
260 3666 297 3706 no
312 3667 344 3706 rs.
