2672 4052
492 227 712 290 ..ῃ-

137 387 186 452 nil
209 408 362 470 umquem
385 384 495 468 potuit
517 383 642 470 gratius
665 405 734 448 esse
757 383 845 447 mihi.

94 477 322 558 instrumenta,
346 474 466 558 quibus
488 478 556 537 tam
579 473 687 537 dulces
710 476 783 536 utar
806 472 841 537 in
863 494 954 557 usus,

140 564 285 649 edoceas,
311 562 369 627 ubi
393 562 459 627 sint
481 561 672 626 invenienda
694 559 788 625 mihil

86 653 175 738 'quid
198 653 241 717 sit
265 656 297 717 et
321 651 418 736 unde,
441 652 537 735 refer,
561 656 669 715 tumor
691 649 835 736 inguinis
858 650 914 714 ille
937 650 1073 736 rigentis
1123 673 1163 712 aas

142 741 305 825 caudaque
327 739 436 805 nescio
460 762 541 824 quae
565 739 611 804 sio
634 760 770 823 operosa
792 737 887 802 tibil'

92 829 240 895 concutit
263 830 298 894 in
320 829 421 894 risum
444 832 512 892 tam
535 827 675 912 simplex
698 827 844 912 quaestio
867 827 1042 913 Pyrrhum,

140 918 262 984 ludicra
285 917 483 1002 respondens
506 918 645 1001 fictaque
668 915 813 1001 Pyrrhus
836 916 895 981 ait:

94 1006 230 1092 ‘accipe,
253 1007 317 1071 fida
341 1028 461 1092 eomes,
484 1005 562 1090 quid
585 1005 684 1070 cauda
707 1005 750 1070 sit
773 1005 836 1070 ista
858 1005 910 1070 vol
933 1005 1030 1092 unde,

142 1095 220 1180 quid
242 1095 285 1161 sit
309 1099 341 1160 et
365 1095 449 1160 unde
472 1098 581 1159 tumor
603 1093 746 1180 inguinis
769 1094 831 1158 iste
854 1094 926 1159 mei.
1124 1119 1164 1159 roo

92 1207 170 1250 cum
193 1185 274 1249 tales
297 1184 417 1249 multas
439 1183 567 1248 venales
590 1182 794 1266 exposuisset

141 1273 257 1338 caudas
280 1295 384 1356 nuper
407 1272 441 1336 in
464 1273 524 1337 hac
547 1271 679 1336 institor
701 1273 782 1336 urbe
806 1294 921 1355 novus,

94 1362 131 1426 in
154 1362 225 1425 fora
248 1361 411 1447 colligitur
434 1361 513 1426 urbs
537 1365 620 1443 tota,
641 1360 813 1444 locumque
836 1360 963 1444 puellae

143 1449 280 1533 stipant,
303 1449 408 1533 prima
429 1471 531 1514 novae
554 1448 800 1514 mercisamore
823 1449 943 1514 trahor.

96 1539 204 1622 impar
227 1540 295 1603 erat
319 1537 459 1622 pretium
482 1560 542 1622 pro
566 1537 718 1622 ponderis
741 1537 940 1623 imparitate,
1124 1563 1164 1602 soc

143 1626 253 1712 magni
276 1648 408 1712 magna,
431 1627 537 1693 minor
559 1627 659 1692 cauda
682 1626 815 1691 minoris
839 1631 915 1691 erat.

96 1719 147 1780 est
170 1715 276 1780 minor
300 1719 409 1799 empta
426 1715 520 1799 mihi,
544 1715 697 1801 quoniam
715 1715 822 1780 minus
840 1715 923 1780 aeris
941 1715 1113 1800 habebam,

142 1803 253 1869 sedula
275 1803 415 1870 servitiis
437 1804 558 1870 institit
581 1805 637 1869 illa
660 1804 734 1870 tuis.

94 1893 174 1957 feeit
197 1893 283 1977 quod
305 1893 428 1978 potuit,
451 1893 507 1958 sed
530 1893 557 1958 si
581 1893 737 1958 dimensio
761 1893 863 1959 maior

142 1986 226 2046 esset
249 1981 292 2065 ei,
315 1986 444 2065 poterat
468 1983 542 2065 plus
565 1982 723 2065 placuisse
747 1981 818 2046 tibi.
1127 2014 1166 2059 500

97 2071 242 2136 tenditur
265 2070 300 2134 in
322 2069 483 2133 tumidum
506 2069 533 2133 si
556 2070 640 2135 forte
664 2071 805 2154 superba
827 2075 1000 2155 tumorem,

142 2160 210 2224 exit
233 2163 267 2223 et
290 2181 309 2222 a
331 2158 427 2222 nobis
450 2180 554 2241 paene
577 2159 703 2224 revulsa
725 2159 824 2244 fugit3

168 2373 222 2450 489
242 2367 349 2437 poterit
433 2374 498 2450 ι485
516 2367 642 2450 inguinis
660 2367 715 2423 iste
734 2368 853 2440 rigentis
950 2374 1002 2426 486
1022 2368 1113 2424 cauda

98 2455 194 2494 nesc1o
214 2455 286 2508 quae
361 2444 461 2494 501111
478 2439 604 2495 medrum

172 2640 225 2689 485
243 2634 319 2688 unde
337 2634 422 2706 refer]
441 2635 515 2690 unde
534 2634 613 2690 venit
628 2636 659 2690 X
678 2668 710 2676 -
731 2640 783 2690 488
803 2633 857 2706 sic]
878 2634 915 2688 sit
934 2634 989 2690 Wr
1007 2665 1039 2675 -
1060 2639 1112 2690 487

97 2707 158 2758 tam
177 2704 297 2774 simplex
316 2705 458 2777 quaestio]
479 2706 599 2776 simplex
618 2723 651 2761 ea
670 2704 799 2775 quaestio
816 2707 847 2758 X
866 2737 898 2746 -
919 2711 971 2761 488
990 2704 1099 2760 ludicra

98 2775 264 2844 ludicraque
279 2777 313 2831 H
329 2809 361 2816 -
381 2783 433 2832 489
453 2776 533 2849 quid]
554 2793 626 2846 quae
642 2779 716 2832 XM
733 2809 767 2818 -
786 2783 839 2831 490
853 2776 934 2849 quid]
954 2778 1016 2846 quis
1038 2777 1069 2830 X

100 2877 134 2886 -
153 2845 222 2918 mei]
238 2846 324 2901 miehi
339 2849 371 2901 X
389 2879 421 2888 -
442 2854 494 2903 490
514 2848 616 2919 cauda]
632 2864 718 2903 eausa
731 2849 765 2902 H
780 2878 813 2888 —
833 2854 886 2903 497
901 2847 1007 2919 minus]
1021 2847 1113 2902 minor

100 2917 136 2970 H
150 2947 185 2956 -
209 2925 259 2973 499
279 2918 354 2987 quod
387 2935 458 2987 quae
483 2921 538 2974 Wr
563 2951 595 2960 —
620 2923 672 2974 500
690 2919 816 2990 poterat]
835 2917 929 2987 potuit
947 2919 981 2973 H
1002 2949 1034 2959 —
1060 2925 1111 2974 002

101 2987 161 3041 exit
179 2988 220 3059 et]
239 2987 316 3044 exuit

142 3236 148 3247 .
171 3171 224 3248 489
243 3172 267 3222 et
286 3172 339 3222 484
358 3183 408 3222 om.
431 3167 470 3222 W
490 3198 524 3208 -
548 3172 601 3221 484
619 3165 681 3237 ubi]
701 3167 733 3220 ut
751 3167 778 3220 L
806 3197 839 3207 -
867 3171 919 3220 488
938 3164 1011 3220 refer
1029 3173 1054 3221 et
1072 3165 1113 3220 in-

101 3254 196 3308 guims
214 3239 246 3292 in
264 3241 384 3307 spatium
407 3255 524 3320 saeuum
539 3244 635 3320 postea
652 3239 789 3307 inscripta
813 3238 851 3291 W
875 3268 911 3278 -
938 3241 990 3320 480
1009 3236 1113 3308 cauda]

99 3307 247 3376 caudaque
275 3309 346 3363 ΕΜ
367 3340 402 3349 -
430 3313 482 3363 490
506 3325 630 3377 mgu1ms
657 3311 689 3364 io
713 3309 751 3362 W
773 3313 868 3378 postea
893 3309 1018 3363 addetum
1039 3314 1071 3362 ut
1088 3326 1113 3363 c.

100 3384 152 3434 480
172 3386 278 3505 -Ῐῗὲἕ
297 3378 456 3520 &duppe
480 3380 518 3434 W
534 3412 566 3421 -
591 3386 643 3435 499
663 3378 750 3450 quod]
771 3395 843 3447 quae
868 3379 906 3434 W
929 3410 963 3419 —
987 3384 1037 3433 001
1057 3396 1113 3434 me·

102 3519 192 3646 dipurp]
211 3467 336 3648 nppdpsssum
405 3493 410 3506 ι
466 3521 505 3576 W
521 3552 555 3560 —
579 3526 630 3576 502
649 3522 753 3593 paene]
772 3520 858 3590 plena
882 3521 920 3576 W
935 3551 970 3562 -
989 3521 1113 3592 revulso]

100 3607 130 3645 re
175 3610 206 3647 sa
308 3611 323 3649 r
