2672 4052
575 801 697 895 Caput
723 800 769 884 11.

444 986 493 1046 De
517 983 715 1050 1111111111
736 983 900 1050 recusus

175 1115 177 1120 ’
253 1116 352 1182 Medii
380 1115 450 1186 aevi
475 1115 653 1202 scriptores
681 1119 713 1182 et
741 1115 914 1202 praecipue
942 1115 1179 1188 comoediarum

163 1205 467 1298 tragoediarumque
490 1207 606 1289 poetae
632 1226 699 1274 non
721 1226 805 1278 nora
827 1203 1035 1296 inauditaque
1060 1203 1178 1276 cecine-

162 1300 240 1361 runt
261 1316 367 1384 neque
391 1315 408 1358 e
429 1291 499 1358 suis
520 1293 661 1384 ingeniis
680 1293 871 1377 carminum,
895 1292 1014 1386 quibus
1028 1293 1178 1384 aequales

164 1389 197 1450 et
219 1383 341 1469 posteri
365 1382 614 1468 delectarentur,
641 1381 810 1447 materiam
836 1381 965 1447 haurire
993 1386 1179 1466 potuerunt,

163 1473 263 1538 immo
292 1471 400 1537 omnia
432 1470 582 1556 exempla
608 1471 724 1536 docent
758 1492 814 1535 eos
840 1470 923 1535 nihil
951 1470 1038 1535 aliud
1065 1470 1179 1557 egisse,

163 1561 228 1627 nisi
250 1565 287 1626 ut
309 1559 487 1626 sententias
514 1565 547 1625 ct
574 1559 702 1628 fabulas
730 1558 874 1624 feliciore
901 1563 1007 1624 aetate
1029 1563 1122 1627 natas
1146 1563 1179 1624 et

162 1650 365 1742 excogitatas
389 1649 591 1733 susciperent
619 1653 652 1716 et
679 1648 847 1718 materiam
869 1647 1037 1736 antiquam
1059 1647 1094 1718 in
1116 1647 1178 1714 lor·

163 1760 233 1810 mas
260 1737 444 1823 redigerent
473 1758 575 1808 noves
601 1736 747 1808 moribus
777 1736 896 1808 saeculi
927 1736 978 1808 sui
1006 1740 1038 1806 et
1065 1757 1178 1830 aequu-

162 1825 245 1896 lium
266 1824 407 1912 11311111
430 1824 608 1909 adaptem
644 1823 755 1908 Atque
782 1824 834 1896 aa
862 1823 1023 1909 imprimis
1044 1824 1085 1898 ee
1105 1846 1178 1899 cau

162 1915 208 1980 sis
244 1912 341 1979 medii
378 1913 448 1978 aevi
486 1912 608 1997 scripta
643 1912 775 1978 maioris
813 1917 889 1978 simt
931 1913 1044 1999 pretii,
1082 1935 1178 1998 quem

163 2003 261 2090 vulgo
286 2002 440 2088 creditur,
468 1997 634 2087 multaque
658 2000 862 2087 antiquitatis
887 2023 999 2087 opera,
1026 2002 1090 2068 nisi
1117 1999 1177 2067 hac

162 2092 215 2156 via
239 2091 385 2176 quamvis
408 2091 587 2156 deformata
615 2091 655 2155 ad
679 2113 739 2156 nos
764 2091 1000 2177 pervenissent,
1028 2091 1083 2156 vix
1106 2113 1178 2156 nos·

163 2203 278 2246 semus.
314 2180 429 2265 Neque
448 2179 514 2245 ullo
534 2179 629 2245 modo
649 2180 684 2244 in
701 2180 762 2245 hae
775 2202 810 2245 re
825 2179 1003 2246 Guilelmus
1016 2180 1178 2246 Blesensis

163 2270 205 2334 ab
230 2267 419 2353 aequalibus
443 2268 558 2333 differt.
596 2265 754 2333 Carminis
777 2268 864 2353 quod
887 2273 1064 2334 tractamus
1086 2291 1179 2355 argu·

163 2361 308 2422 mentum
335 2378 401 2421 non
428 2355 499 2440 ipse
526 2355 662 2439 invenit,
690 2355 746 2420 sed
773 2356 876 2420 multo
905 2361 980 2421 ante
1007 2360 1121 2420 notum
1145 2360 1177 2420 et

162 2445 277 2510 tritum
297 2444 400 2509 denuo
420 2442 624 2509 tractandum
642 2442 705 2507 sibi
725 2443 878 2527 sumpsit,
897 2443 943 2508 ita
961 2447 999 2508 ut
1017 2442 1177 2528 originem

162 2534 292 2599 fabulae
315 2531 501 2618 perquirere
525 2535 571 2616 et,
595 2535 752 2616 quantum
774 2531 845 2596 fieri
868 2531 985 2616 possit,
1008 2531 1048 2595 ad
1070 2530 1178 2595 fontes

163 2644 234 2686 eam
255 2622 407 2687 reducere
430 2642 514 2705 opus
537 2620 587 2684 sit.
624 2620 726 2686 Poeta
748 2620 818 2704 ipse
842 2642 916 2685 cum
938 2618 972 2684 in
995 2618 1177 2684 comoediae

162 2709 300 2796 prologo
324 2709 367 2798 (v.
387 2706 565 2795 9sqq.)·de
593 2713 723 2774 auctore
749 2730 807 2774 suo
831 2710 930 2773 verba
953 2707 1049 2774 faciat
1073 2728 1177 2773 exem-

163 2798 332 2884 plumque,
355 2798 442 2883 quod
465 2796 663 2883 adhibuerit,
687 2797 861 2882 describat,
885 2798 926 2862 ab
945 2797 997 2862 his
1016 2795 1177 2880 explican-

163 2887 212 2952 dis
236 2890 360 2973 0m'nes,
383 2886 439 2971 qui
463 2885 685 2971 quaestionem
703 2886 826 2952 solvere
843 2885 1025 2970 voluerunt,
1047 2884 1177 2951 initium

163 2997 291 3060 cepere,
314 2975 370 3041 sed
392 2975 525 3040 minime
548 2974 690 3041 interae
714 2973 928 3040 consentiunt.
975 2972 1177 3059 Quemquam

162 3064 272 3149 nobis,
295 3086 352 3129 cur
374 3085 425 3148 ea,
448 3085 529 3148 quae
553 3068 651 3146 poeta
674 3062 752 3129 dicit
789 3063 823 3128 in
846 3062 1064 3148 suspicionem
1086 3085 1177 3130 voce-

162 3175 248 3238 mus,
280 3152 369 3219 nulla
401 3174 497 3217 causa
524 3151 664 3238 videtur,
690 3156 800 3217 tamen
826 3174 893 3217 non
921 3151 1092 3218 defuerunt
1121 3152 1177 3238 qui

163 3241 260 3326 plene
282 3241 380 3306 fidem
402 3240 468 3306 illis
487 3262 555 3306 esse
574 3239 821 3306 abiudicandam
838 3245 1006 3306 censerent
1015 3239 1054 3328 ¹),
1072 3241 1176 3326 iisque

162 3329 305 3399 Victoris
318 3330 350 3395 le
366 3328 455 3395 Olerc
469 3328 630 3395 sententia
644 3329 767 3414 placuit
781 3329 950 3414 proposita
964 3330 999 3395 in
1013 3330 1099 3395 ‘hist
1113 3327 1176 3392 litt.

236 3507 261 3574 1)
281 3503 354 3559 Vide
373 3503 529 3560 Lucianum
547 3502 667 3559 Mueller
688 3502 720 3559 in
738 3503 913 3560 Fleckeiseni
936 3503 1029 3559 111111.
1054 3504 1121 3559 tom.
1142 3507 1175 3556 ei

163 3577 256 3646 (1868)
276 3589 341 3646 pag.
362 3579 413 3630 ‘iae
433 3576 463 3629 et
481 3573 577 3630 confer
595 3573 739 3632 Oloettam
757 3574 775 3631 1.
796 3575 814 3630 1.
833 3592 899 3647 pag.
920 3581 953 3631 76
973 3589 1038 3629 cum
1055 3571 1141 3630 uotis.
