2672 4052
541 244 750 312 „55-

140 431 210 474 non
232 407 348 475 misere
370 406 469 472 miser
492 409 553 490 est,
577 404 629 469 cui
651 403 698 469 nil
721 403 846 467 auferre
868 401 1004 488 valebit,

26 556 33 565 .
183 497 265 583 quin
287 495 395 560 minus
418 518 458 559 ex
482 495 597 559 damno
621 493 664 557 sit
687 492 785 556 miser
807 491 878 575 ipse
902 512 968 555 suo,

143 586 189 650 nil
212 584 315 650 felicis
338 584 451 667 habet,
474 583 531 667 qui
554 581 633 646 felix
657 603 727 646 esse
750 582 897 664 putatur,

185 677 336 757 nonest,
360 694 456 757 quem
478 672 632 736 miserum
655 669 813 735 credimus
838 690 920 754 esse,
943 668 1048 733 miser.
1169 686 1197 724 40

143 761 197 827 ille
221 766 286 827 stat
310 766 342 826 et
363 762 492 846 lapsum
514 759 645 842 metuit,
667 758 750 823 iacet
773 761 873 842 utque
897 761 1044 844 resurgat

187 855 360 935 expectans
384 850 466 914 alter
488 871 556 914 non
578 848 678 912 habet
701 847 786 910 unde
810 845 909 910 cadat.

142 961 271 1022 pressus
293 939 329 1018 irr
350 938 492 1004 adversis
514 937 580 1002 iam
601 936 649 1000 nil
671 935 779 1020 timet,
802 935 900 999 immo
924 955 1089 999 recursum

188 1029 357 1094 subversae
381 1030 533 1112 expectat
554 1025 657 1090 tutior
679 1025 749 1109 ipse
772 1028 870 1088 rotae.

142 1116 242 1202 hunc,
265 1139 361 1202 quem
383 1117 470 1181 laeta
491 1116 615 1198 fovent,
638 1135 745 1178 comes
767 1111 904 1176 indivisa
928 1111 1075 1176 secundis
1169 1127 1197 1167 4⁵

186 1226 261 1270 cura
283 1205 364 1292 vigil
387 1208 541 1288 macerat,
564 1202 781 1286 sollicitatque
804 1199 910 1266 timor.

141 1295 340 1378 prosperitas
363 1293 465 1380 igitur
488 1297 537 1357 est
559 1291 777 1376 prosperitate
801 1311 920 1373 carere,

186 1404 261 1446 nam
283 1382 373 1447 venit
396 1404 436 1447 ex
460 1381 528 1446 sola
551 1380 768 1465 prosperitate
791 1377 891 1443 dolor.

140 1470 204 1534 hoc
228 1471 306 1535 satis
330 1470 492 1553 experior,
515 1468 567 1534 cui
589 1470 627 1532 fit
650 1467 745 1532 modo
770 1488 895 1530 summa
918 1465 1053 1548 doloris,

187 1558 390 1642 quodmodo
414 1579 539 1623 summa
561 1578 650 1620 meae
674 1555 901 1640 prosperitatis
924 1558 1000 1619 erat.
1171 1572 1198 1611 eo

140 1646 225 1711 Alda
253 1669 372 1730 comes,
400 1646 476 1711 dum
503 1667 616 1729 sospes
644 1667 727 1728 erae,
755 1665 862 1708 comes
886 1642 983 1727 Alea,
1010 1662 1158 1706 meorum

137 1825 256 1890 alterat
280 1847 351 1890 ecce
374 1824 459 1890 vices
482 1824 626 1908 fortuna,
649 1821 777 1906 meique
800 1819 920 1886 doloris

212 2021 246 2072 38
265 2033 329 2070 cum
346 2015 432 2071 miser
451 2032 485 2069 ex
499 2016 622 2084 dampno
641 2013 680 2067 sit
698 2013 790 2068 minus
809 2013 858 2068 ille
878 2029 928 2067 suo
1001 2017 1034 2066 41
1054 2011 1158 2066 metuit

140 2085 237 2155 lapsus
327 2093 362 2140 44
380 2086 439 2140 iam
456 2101 555 2140 versae
574 2085 706 2153 expectat
796 2089 828 2139 51
849 2099 942 2138 comes
963 2084 1031 2152 apta
1122 2085 1157 2136 52

137 2159 271 2226 respectu
290 2156 406 2224 quaevis
425 2155 530 2226 gaudia
548 2155 642 2209 luctus
661 2156 742 2208 erant

213 2322 247 2370 38
272 2315 309 2370 411
326 2315 424 2386 miser]
443 2314 476 2369 fit
492 2313 578 2369 miser
600 2315 652 2370 Wr
675 2345 707 2354 -
727 2312 801 2386 ipse]
820 2312 870 2368 1114
891 2314 923 2368 X
944 2345 979 2355 -
1001 2319 1035 2368 41
1055 2312 1157 2384 utque]

140 2403 230 2458 usque
249 2388 265 2441 b
286 2417 318 2428 -
337 2393 372 2440 43
390 2400 500 2455 pauper
520 2385 562 2439 nil
579 2384 663 2440 timet
683 2386 715 2438 X
735 2386 767 2440 ia
784 2403 870 2458 marc.
895 2415 929 2426 -
952 2390 988 2439 44
1006 2383 1158 2438 subversae

138 2457 284 2540 expectat]
305 2459 436 2527 expectat
449 2473 547 2512 versae
562 2457 595 2511 X
609 2459 726 2524 fortusse
743 2459 845 2512 rectius
865 2487 895 2497 -
915 2455 990 2529 ipse]
1008 2454 1058 2509 ille
1072 2456 1107 2511 H
1122 2486 1157 2496 —

140 2536 176 2584 45
194 2528 329 2600 indivisa]
354 2527 497 2583 invidiosa
515 2530 531 2583 b
550 2559 584 2568 -
602 2533 637 2582 46
657 2527 735 2582 dives
759 2526 844 2582 timet
865 2529 897 2582 ia
915 2544 1001 2597 nearp.
1022 2526 1054 2580 X
1070 2531 1157 2580 -12

140 2603 272 2670 respectu
291 2598 407 2669 quaevis
426 2597 532 2668 gaudia
551 2598 645 2653 luctus
667 2600 749 2653 erant
771 2599 802 2652 Η
820 2597 962 2668 (quamvis
986 2597 1061 2667 Wr),
1083 2598 1159 2653 turc

139 2689 247 2727 careaco
273 2673 344 2726 mole
370 2673 475 2738 factam
498 2671 718 2739 pracscctiaoatc
745 2670 822 2725 oculo
855 2670 892 2724 od
921 2673 956 2724 54
983 2668 1159 2724 abiciendam

141 2750 229 2798 caract
247 2742 442 2807 Baachclcruc3
465 2757 588 2797 veracco.
608 2745 646 2796 52
660 2741 759 2809 periit,
783 2738 917 2810 (fatorum
940 2738 1031 2808 quivis
1050 2738 1159 2809 gaudia

140 2813 233 2868 luctus
252 2815 315 2868 erat
332 2813 413 2868 talem
431 2813 548 2882 requirit
567 2811 680 2878 Bacch.)

213 2979 247 3027 38
265 2971 372 3044 minus]
390 2969 475 3026 nimis
500 2971 540 3026 W
561 3003 594 3012 —
619 2977 652 3026 89
671 2969 775 3042 felicis]
795 2969 912 3026 solicitis
935 2970 962 3023 V
980 3001 1014 3011 -
1041 2969 1156 3042 crille]

138 3041 195 3096 iste
214 3043 283 3097 PM
306 3075 340 3085 -
367 3041 471 3099 metuit
488 3042 599 3114 lapsus]
617 3041 722 3096 metuit
741 3041 854 3111 lapsum
876 3041 901 3097 V
921 3042 1033 3112 lapsum
1055 3041 1158 3096 metuit

143 3114 172 3168 P
193 3143 227 3154 -
251 3113 401 3186 4444141]
422 3114 488 3169 ruat
507 3115 535 3168 P
556 3145 591 3155 —
614 3120 650 3168 44
668 3112 727 3168 iam
744 3112 837 3185 verse]
855 3111 915 3167 iam
932 3129 997 3168 cece
1014 3112 1044 3167 Ρ
1065 3143 1096 3152 -
1121 3117 1156 3167 45

315 3197 323 3212 ·
838 3183 913 3238 cotia
930 3182 996 3237 hinc
1015 3181 1158 3237 contraria

141 3253 231 3326 laeta]
250 3252 311 3335 1414
329 3255 358 3309 P
373 3285 407 3296 —
426 3271 519 3310 comes
537 3253 662 3309 indivisa
680 3253 823 3326 secundis]
842 3271 936 3310 comcs
954 3253 1021 3309 hinc
1039 3252 1158 3309 adversa

139 3341 379 3467 iiiiiiiisocca
393 3413 479 3468 aspra
492 3413 599 3479 ocream
613 3398 724 3479 addidit
741 3396 791 3453 m.¹
808 3399 917 3465 cooeva)
936 3397 974 3452 W
991 3427 1026 3439 -
1044 3402 1078 3452 46
1097 3413 1157 3451 ma-

139 3469 231 3541 cerat]
248 3467 456 3611 iiimc-
475 3473 509 3522 49
529 3485 576 3522 cur
593 3468 638 3540 fit]
662 3484 730 3538 qma
747 3467 781 3522 fit
802 3467 830 3523 V
844 3484 907 3522 cum
927 3466 965 3522 sit
988 3468 1025 3523 W
1043 3484 1106 3522 cum
1124 3468 1158 3523 fit

142 3611 358 3665 M-summc
404 3583 410 3596 ’
453 3609 492 3665 W
516 3641 550 3651 -
579 3612 766 3667 socratam.
790 3610 1108 3685 τῖ’-,41414444
1133 3610 1162 3666 V
