<?xml version="1.0" encoding="UTF-8"?>
<!DOCTYPE html PUBLIC "-//W3C//DTD XHTML 1.0 Transitional//EN"
    "http://www.w3.org/TR/xhtml1/DTD/xhtml1-transitional.dtd">
<html xmlns="http://www.w3.org/1999/xhtml" xml:lang="en" lang="en">
 <head>
  <title>
</title>
<meta http-equiv="Content-Type" content="text/html;charset=utf-8" />
  <meta name='ocr-system' content='tesseract 3.04.00' />
  <meta name='ocr-capabilities' content='ocr_page ocr_carea ocr_par ocr_line ocrx_word'/>
</head>
<body>
  <div class='ocr_page' id='page_1' title='image "./guilelmiblesens01lohmgoog/guilelmiblesens01lohmgoog_0041.png"; bbox 0 0 2672 4052; ppageno 0'>
   <div class='ocr_carea' id='block_1_1' title="bbox 577 246 840 325">
    <p class='ocr_par' dir='ltr' id='par_1_1' title="bbox 577 246 840 325">
     <span class='ocr_line' id='line_1_1' title="bbox 577 246 840 325; baseline -0.004 -15"><span class='ocrx_word' id='word_1_1' title='bbox 577 246 840 325; x_wconf 65' lang='lat'>-32—.,</span> 
     </span>
    </p>
   </div>
   <div class='ocr_carea' id='block_1_2' title="bbox 177 401 1315 2885">
    <p class='ocr_par' dir='ltr' id='par_1_2' title="bbox 177 401 1315 758">
     <span class='ocr_line' id='line_1_2' title="bbox 180 401 1203 487; baseline 0.001 -19"><span class='ocrx_word' id='word_1_2' title='bbox 180 404 246 468; x_wconf 88' lang='lat' dir='ltr'>dae.</span> <span class='ocrx_word' id='word_1_3' title='bbox 284 401 346 468; x_wconf 84' lang='lat' dir='ltr'>Sed</span> <span class='ocrx_word' id='word_1_4' title='bbox 369 423 441 466; x_wconf 85' lang='lat' dir='ltr'>oum</span> <span class='ocrx_word' id='word_1_5' title='bbox 460 401 528 486; x_wconf 84' lang='lat' dir='ltr'>ille,</span> <span class='ocrx_word' id='word_1_6' title='bbox 552 402 639 487; x_wconf 91' lang='lat' dir='ltr'>quod</span> <span class='ocrx_word' id='word_1_7' title='bbox 656 406 771 486; x_wconf 90' lang='lat' dir='ltr'>aptum</span> <span class='ocrx_word' id='word_1_8' title='bbox 790 406 872 486; x_wconf 84' lang='lat' dir='ltr'>erat,</span> <span class='ocrx_word' id='word_1_9' title='bbox 895 401 1033 467; x_wconf 91' lang='lat' dir='ltr'>alterum</span> <span class='ocrx_word' id='word_1_10' title='bbox 1053 401 1203 469; x_wconf 89' lang='lat' dir='ltr'>eiusdem</span> 
     </span>
     <span class='ocr_line' id='line_1_3' title="bbox 179 490 1202 579; baseline 0 -22"><span class='ocrx_word' id='word_1_11' title='bbox 179 491 307 579; x_wconf 88' lang='lat' dir='ltr'>generis</span> <span class='ocrx_word' id='word_1_12' title='bbox 331 512 458 556; x_wconf 80' lang='lat' dir='ltr'>carmen</span> <span class='ocrx_word' id='word_1_13' title='bbox 486 490 580 555; x_wconf 89' lang='lat' dir='ltr'>alteri</span> <span class='ocrx_word' id='word_1_14' title='bbox 609 495 802 576; x_wconf 83' lang='lat' dir='ltr'>opponeret,</span> <span class='ocrx_word' id='word_1_15' title='bbox 833 490 886 556; x_wconf 90' lang='lat' dir='ltr'>hio</span> <span class='ocrx_word' id='word_1_16' title='bbox 914 491 1114 575; x_wconf 74' lang='lat' dir='ltr'>poematium</span> <span class='ocrx_word' id='word_1_17' title='bbox 1142 492 1202 557; x_wconf 89' lang='lat' dir='ltr'>ali-</span> 
     </span>
     <span class='ocr_line' id='line_1_4' title="bbox 180 579 1202 667; baseline 0.001 -22"><span class='ocrx_word' id='word_1_18' title='bbox 180 580 279 667; x_wconf 87' lang='lat' dir='ltr'>quod,</span> <span class='ocrx_word' id='word_1_19' title='bbox 303 580 390 664; x_wconf 90' lang='lat' dir='ltr'>quod</span> <span class='ocrx_word' id='word_1_20' title='bbox 412 583 507 644; x_wconf 88' lang='lat' dir='ltr'>antea</span> <span class='ocrx_word' id='word_1_21' title='bbox 525 580 650 664; x_wconf 79' lang='lat' dir='ltr'>publici</span> <span class='ocrx_word' id='word_1_22' title='bbox 673 582 793 645; x_wconf 86' lang='lat' dir='ltr'>fecerat</span> <span class='ocrx_word' id='word_1_23' title='bbox 816 579 904 665; x_wconf 87' lang='lat' dir='ltr'>iuris,</span> <span class='ocrx_word' id='word_1_24' title='bbox 927 579 1038 646; x_wconf 87' lang='lat' dir='ltr'>attulit</span> <span class='ocrx_word' id='word_1_25' title='bbox 1061 582 1202 647; x_wconf 85' lang='lat' dir='ltr'>servatis</span> 
     </span>
     <span class='ocr_line' id='line_1_5' title="bbox 177 668 1315 758; baseline 0.002 -24"><span class='ocrx_word' id='word_1_26' title='bbox 177 670 352 734; x_wconf 87' lang='lat' dir='ltr'>verborum</span> <span class='ocrx_word' id='word_1_27' title='bbox 376 668 482 733; x_wconf 84' lang='lat' dir='ltr'>colore</span> <span class='ocrx_word' id='word_1_28' title='bbox 506 673 539 733; x_wconf 92' lang='lat' dir='ltr'>et</span> <span class='ocrx_word' id='word_1_29' title='bbox 562 669 679 754; x_wconf 89' lang='lat' dir='ltr'>forma,</span> <span class='ocrx_word' id='word_1_30' title='bbox 703 669 741 733; x_wconf 83' lang='lat' dir='ltr'>ef.</span> <span class='ocrx_word' id='word_1_31' title='bbox 761 669 843 753; x_wconf 89' lang='lat' dir='ltr'>prol.</span> <span class='ocrx_word' id='word_1_32' title='bbox 863 671 883 735; x_wconf 86' lang='lat'>9</span> <span class='ocrx_word' id='word_1_33' title='bbox 1314 698 1315 758; x_wconf 63' lang='lat' dir='ltr'>y</span> 
     </span>
    </p>

    <p class='ocr_par' dir='ltr' id='par_1_3' title="bbox 246 756 1034 844">
     <span class='ocr_line' id='line_1_6' title="bbox 246 756 1034 844; baseline 0 -22"><span class='ocrx_word' id='word_1_34' title='bbox 246 757 405 823; x_wconf 79' lang='lat' dir='ltr'>‘versibus</span> <span class='ocrx_word' id='word_1_35' title='bbox 428 761 464 821; x_wconf 93' lang='lat' dir='ltr'>ut</span> <span class='ocrx_word' id='word_1_36' title='bbox 487 756 605 842; x_wconf 91' lang='lat' dir='ltr'>puliois</span> <span class='ocrx_word' id='word_1_37' title='bbox 628 763 661 822; x_wconf 91' lang='lat' dir='ltr'>et</span> <span class='ocrx_word' id='word_1_38' title='bbox 684 779 811 823; x_wconf 82' lang='lat' dir='ltr'><strong>muscae</strong></span> <span class='ocrx_word' id='word_1_39' title='bbox 835 756 941 844; x_wconf 86' lang='lat' dir='ltr'>iurgia</span> <span class='ocrx_word' id='word_1_40' title='bbox 963 757 1034 844; x_wconf 88' lang='lat' dir='ltr'>risi,</span> 
     </span>
    </p>

    <p class='ocr_par' dir='ltr' id='par_1_4' title="bbox 291 845 967 934">
     <span class='ocr_line' id='line_1_7' title="bbox 291 845 967 934; baseline -0.001 -23"><span class='ocrx_word' id='word_1_41' title='bbox 291 845 430 911; x_wconf 81' lang='lat' dir='ltr'>occurrit</span> <span class='ocrx_word' id='word_1_42' title='bbox 453 850 565 912; x_wconf 90' lang='lat' dir='ltr'>nostro</span> <span class='ocrx_word' id='word_1_43' title='bbox 589 846 730 910; x_wconf 90' lang='lat' dir='ltr'>masoula</span> <span class='ocrx_word' id='word_1_44' title='bbox 753 846 846 934; x_wconf 84' lang='lat' dir='ltr'>virgo</span> <span class='ocrx_word' id='word_1_45' title='bbox 870 845 967 911; x_wconf 89' lang='lat' dir='ltr'>stilo&#39;.</span> 
     </span>
    </p>

    <p class='ocr_par' dir='ltr' id='par_1_5' title="bbox 178 933 1199 1287">
     <span class='ocr_line' id='line_1_8' title="bbox 178 933 1199 1020; baseline 0 -20"><span class='ocrx_word' id='word_1_46' title='bbox 178 935 361 1019; x_wconf 85' lang='lat' dir='ltr'>Praeterea,</span> <span class='ocrx_word' id='word_1_47' title='bbox 385 934 412 1000; x_wconf 86' lang='lat' dir='ltr'>si</span> <span class='ocrx_word' id='word_1_48' title='bbox 436 934 553 1000; x_wconf 92' lang='lat' dir='ltr'>omitto</span> <span class='ocrx_word' id='word_1_49' title='bbox 575 934 707 999; x_wconf 89' lang='lat' dir='ltr'>nomina</span> <span class='ocrx_word' id='word_1_50' title='bbox 729 935 765 999; x_wconf 91' lang='lat' dir='ltr'>in</span> <span class='ocrx_word' id='word_1_51' title='bbox 787 939 923 1020; x_wconf 91' lang='lat' dir='ltr'>utraque</span> <span class='ocrx_word' id='word_1_52' title='bbox 942 933 1106 1001; x_wconf 82' lang='lat' dir='ltr'>comoedia</span> <span class='ocrx_word' id='word_1_53' title='bbox 1125 957 1199 1001; x_wconf 90' lang='lat' dir='ltr'>oon·</span> 
     </span>
     <span class='ocr_line' id='line_1_9' title="bbox 179 1021 1199 1108; baseline 0 -20"><span class='ocrx_word' id='word_1_54' title='bbox 179 1023 352 1088; x_wconf 77' lang='lat' dir='ltr'>sentientia</span> <span class='ocrx_word' id='word_1_55' title='bbox 365 1023 484 1108; x_wconf 85' lang='lat' dir='ltr'>Pyrrhi</span> <span class='ocrx_word' id='word_1_56' title='bbox 503 1027 536 1088; x_wconf 92' lang='lat' dir='ltr'>et</span> <span class='ocrx_word' id='word_1_57' title='bbox 556 1021 709 1108; x_wconf 82' lang='lat' dir='ltr'>Sabinae,</span> <span class='ocrx_word' id='word_1_58' title='bbox 733 1024 771 1088; x_wconf 88' lang='lat' dir='ltr'>de</span> <span class='ocrx_word' id='word_1_59' title='bbox 791 1023 910 1108; x_wconf 89' lang='lat' dir='ltr'>quibus</span> <span class='ocrx_word' id='word_1_60' title='bbox 928 1023 993 1088; x_wconf 89' lang='lat' dir='ltr'>iam</span> <span class='ocrx_word' id='word_1_61' title='bbox 1011 1045 1110 1108; x_wconf 89' lang='lat' dir='ltr'>supra</span> <span class='ocrx_word' id='word_1_62' title='bbox 1129 1024 1199 1089; x_wconf 84' lang='lat' dir='ltr'>dixi</span> 
     </span>
     <span class='ocr_line' id='line_1_10' title="bbox 179 1108 1199 1201; baseline 0.003 -26"><span class='ocrx_word' id='word_1_63' title='bbox 179 1112 268 1201; x_wconf 85' lang='lat' dir='ltr'>(pag.</span> <span class='ocrx_word' id='word_1_64' title='bbox 288 1113 329 1177; x_wconf 78' lang='lat'>27</span> <span class='ocrx_word' id='word_1_65' title='bbox 356 1116 389 1176; x_wconf 87' lang='lat' dir='ltr'>et</span> <span class='ocrx_word' id='word_1_66' title='bbox 413 1108 521 1199; x_wconf 57' lang='lat' dir='ltr'>laq),</span> <span class='ocrx_word' id='word_1_67' title='bbox 553 1116 585 1176; x_wconf 92' lang='lat' dir='ltr'>et</span> <span class='ocrx_word' id='word_1_68' title='bbox 612 1112 803 1198; x_wconf 85' lang='lat' dir='ltr'>sententiae,</span> <span class='ocrx_word' id='word_1_69' title='bbox 830 1113 920 1177; x_wconf 87' lang='lat' dir='ltr'>velut</span> <span class='ocrx_word' id='word_1_70' title='bbox 947 1112 982 1176; x_wconf 89' lang='lat' dir='ltr'>in</span> <span class='ocrx_word' id='word_1_71' title='bbox 1009 1112 1155 1200; x_wconf 88' lang='lat' dir='ltr'>prologis</span> <span class='ocrx_word' id='word_1_72' title='bbox 1163 1111 1199 1200; x_wconf 87' lang='lat'>¹),</span> 
     </span>
     <span class='ocr_line' id='line_1_11' title="bbox 181 1201 960 1287; baseline -0.001 -22"><span class='ocrx_word' id='word_1_73' title='bbox 181 1205 213 1265; x_wconf 93' lang='lat' dir='ltr'>et</span> <span class='ocrx_word' id='word_1_74' title='bbox 237 1201 336 1264; x_wconf 89' lang='lat' dir='ltr'>verba</span> <span class='ocrx_word' id='word_1_75' title='bbox 358 1201 431 1285; x_wconf 89' lang='lat' dir='ltr'>ipsa</span> <span class='ocrx_word' id='word_1_76' title='bbox 454 1201 583 1284; x_wconf 90' lang='lat' dir='ltr'>saepius</span> <span class='ocrx_word' id='word_1_77' title='bbox 606 1205 802 1287; x_wconf 83' lang='lat' dir='ltr'>congruunt,</span> <span class='ocrx_word' id='word_1_78' title='bbox 826 1202 865 1265; x_wconf 86' lang='lat' dir='ltr'>of.</span> <span class='ocrx_word' id='word_1_79' title='bbox 885 1223 910 1264; x_wconf 91' lang='grc'>1.</span> <span class='ocrx_word' id='word_1_80' title='bbox 929 1223 960 1286; x_wconf 92' lang='lat' dir='ltr'>g.</span> 
     </span>
    </p>

    <p class='ocr_par' dir='ltr' id='par_1_6' title="bbox 246 1288 1138 1374">
     <span class='ocr_line' id='line_1_12' title="bbox 246 1288 1138 1374; baseline 0.002 -21"><span class='ocrx_word' id='word_1_81' title='bbox 246 1289 325 1374; x_wconf 87' lang='lat' dir='ltr'><strong>Lyd.</strong></span> <span class='ocrx_word' id='word_1_82' title='bbox 347 1290 410 1356; x_wconf 79' lang='lat'>178</span> <span class='ocrx_word' id='word_1_83' title='bbox 435 1288 645 1373; x_wconf 77' lang='lat' dir='ltr'>‘perdidimus</span> <span class='ocrx_word' id='word_1_84' title='bbox 669 1289 772 1354; x_wconf 90' lang='lat' dir='ltr'>sterili</span> <span class='ocrx_word' id='word_1_85' title='bbox 796 1289 919 1353; x_wconf 87' lang='lat' dir='ltr'>semina</span> <span class='ocrx_word' id='word_1_86' title='bbox 942 1289 1034 1373; x_wconf 87' lang='lat' dir='ltr'>lapse</span> <span class='ocrx_word' id='word_1_87' title='bbox 1057 1289 1138 1355; x_wconf 91' lang='lat' dir='ltr'>solo’</span> 
     </span>
    </p>

    <p class='ocr_par' dir='ltr' id='par_1_7' title="bbox 178 1376 1199 2260">
     <span class='ocr_line' id='line_1_13' title="bbox 246 1376 1021 1462; baseline 0 -20"><span class='ocrx_word' id='word_1_88' title='bbox 246 1376 318 1442; x_wconf 86' lang='lat' dir='ltr'>Ald.</span> <span class='ocrx_word' id='word_1_89' title='bbox 338 1379 403 1443; x_wconf 82' lang='lat'>206</span> <span class='ocrx_word' id='word_1_90' title='bbox 429 1376 473 1442; x_wconf 76' lang='lat' dir='ltr'>‘et</span> <span class='ocrx_word' id='word_1_91' title='bbox 497 1377 599 1443; x_wconf 87' lang='lat' dir='ltr'>sterili</span> <span class='ocrx_word' id='word_1_92' title='bbox 624 1377 747 1442; x_wconf 89' lang='lat' dir='ltr'>semina</span> <span class='ocrx_word' id='word_1_93' title='bbox 770 1377 878 1462; x_wconf 89' lang='lat' dir='ltr'>perdit</span> <span class='ocrx_word' id='word_1_94' title='bbox 901 1377 1021 1442; x_wconf 93' lang='lat' dir='ltr'>humo&#39;.</span> 
     </span>
     <span class='ocr_line' id='line_1_14' title="bbox 179 1465 1199 1555; baseline 0.001 -24"><span class='ocrx_word' id='word_1_95' title='bbox 179 1465 231 1531; x_wconf 77' lang='lat' dir='ltr'>L&#39;x</span> <span class='ocrx_word' id='word_1_96' title='bbox 264 1466 303 1531; x_wconf 87' lang='lat' dir='ltr'>iis</span> <span class='ocrx_word' id='word_1_97' title='bbox 337 1488 418 1552; x_wconf 90' lang='lat' dir='ltr'>quae</span> <span class='ocrx_word' id='word_1_98' title='bbox 447 1466 543 1532; x_wconf 88' lang='lat' dir='ltr'>attuli</span> <span class='ocrx_word' id='word_1_99' title='bbox 571 1488 728 1550; x_wconf 89' lang='lat' dir='ltr'>apparere</span> <span class='ocrx_word' id='word_1_100' title='bbox 756 1471 837 1551; x_wconf 90' lang='lat' dir='ltr'>puto</span> <span class='ocrx_word' id='word_1_101' title='bbox 865 1466 1001 1551; x_wconf 86' lang='lat' dir='ltr'>Lydiam</span> <span class='ocrx_word' id='word_1_102' title='bbox 1034 1465 1083 1555; x_wconf 82' lang='lat' dir='ltr'>(et</span> <span class='ocrx_word' id='word_1_103' title='bbox 1110 1467 1199 1550; x_wconf 88' lang='lat' dir='ltr'>quod</span> 
     </span>
     <span class='ocr_line' id='line_1_15' title="bbox 180 1555 1199 1642; baseline 0 -22"><span class='ocrx_word' id='word_1_104' title='bbox 180 1555 214 1619; x_wconf 94' lang='lat' dir='ltr'>in</span> <span class='ocrx_word' id='word_1_105' title='bbox 242 1556 338 1642; x_wconf 81' lang='lat' dir='ltr'>hano,</span> <span class='ocrx_word' id='word_1_106' title='bbox 367 1555 465 1621; x_wconf 90' lang='lat' dir='ltr'>etiam</span> <span class='ocrx_word' id='word_1_107' title='bbox 492 1555 596 1642; x_wconf 89' lang='lat' dir='ltr'>magis</span> <span class='ocrx_word' id='word_1_108' title='bbox 624 1556 658 1619; x_wconf 91' lang='lat' dir='ltr'>in</span> <span class='ocrx_word' id='word_1_109' title='bbox 682 1555 822 1620; x_wconf 90' lang='lat' dir='ltr'>Militem</span> <span class='ocrx_word' id='word_1_110' title='bbox 849 1555 1027 1642; x_wconf 90' lang='lat' dir='ltr'>gloriosum</span> <span class='ocrx_word' id='word_1_111' title='bbox 1054 1555 1199 1620; x_wconf 90' lang='lat' dir='ltr'>eiusdem</span> 
     </span>
     <span class='ocr_line' id='line_1_16' title="bbox 180 1641 1199 1731; baseline 0 -23"><span class='ocrx_word' id='word_1_112' title='bbox 180 1645 321 1709; x_wconf 79' lang='lat' dir='ltr'>auctoris</span> <span class='ocrx_word' id='word_1_113' title='bbox 344 1642 445 1731; x_wconf 84' lang='lat' dir='ltr'>eadit)</span> <span class='ocrx_word' id='word_1_114' title='bbox 468 1649 543 1710; x_wconf 88' lang='lat' dir='ltr'>ante</span> <span class='ocrx_word' id='word_1_115' title='bbox 565 1643 683 1710; x_wconf 85' lang='lat' dir='ltr'>Aldam</span> <span class='ocrx_word' id='word_1_116' title='bbox 705 1644 725 1709; x_wconf 92' lang='lat' dir='ltr'>i.</span> <span class='ocrx_word' id='word_1_117' title='bbox 749 1667 775 1710; x_wconf 87' lang='lat' dir='ltr'>e.</span> <span class='ocrx_word' id='word_1_118' title='bbox 799 1649 874 1710; x_wconf 89' lang='lat' dir='ltr'>ante</span> <span class='ocrx_word' id='word_1_119' title='bbox 897 1665 976 1709; x_wconf 84' lang='lat' dir='ltr'>saec.</span> <span class='ocrx_word' id='word_1_120' title='bbox 994 1641 1064 1708; x_wconf 86' lang='lat' dir='ltr'><strong>XII.</strong></span> <span class='ocrx_word' id='word_1_121' title='bbox 1087 1644 1199 1708; x_wconf 82' lang='lat' dir='ltr'>decen·</span> 
     </span>
     <span class='ocr_line' id='line_1_17' title="bbox 179 1731 1199 1817; baseline 0.002 -21"><span class='ocrx_word' id='word_1_122' title='bbox 179 1732 269 1796; x_wconf 92' lang='lat' dir='ltr'>nium</span> <span class='ocrx_word' id='word_1_123' title='bbox 283 1731 353 1797; x_wconf 86' lang='lat' dir='ltr'>VII.</span> <span class='ocrx_word' id='word_1_124' title='bbox 373 1754 442 1796; x_wconf 85' lang='lat' dir='ltr'>esse</span> <span class='ocrx_word' id='word_1_125' title='bbox 461 1733 682 1817; x_wconf 80' lang='lat' dir='ltr'>compositam.</span> <span class='ocrx_word' id='word_1_126' title='bbox 718 1732 930 1817; x_wconf 75' lang='lat' dir='ltr'>Neque&#39;vero</span> <span class='ocrx_word' id='word_1_127' title='bbox 944 1732 1047 1797; x_wconf 90' lang='lat' dir='ltr'>multo</span> <span class='ocrx_word' id='word_1_128' title='bbox 1061 1732 1199 1798; x_wconf 89' lang='lat' dir='ltr'>ulterius</span> 
     </span>
     <span class='ocr_line' id='line_1_18' title="bbox 179 1819 1199 1904; baseline 0.003 -20"><span class='ocrx_word' id='word_1_129' title='bbox 179 1819 348 1884; x_wconf 81' lang='lat' dir='ltr'>ascendere</span> <span class='ocrx_word' id='word_1_130' title='bbox 370 1820 467 1885; x_wconf 89' lang='lat' dir='ltr'>nobis</span> <span class='ocrx_word' id='word_1_131' title='bbox 485 1821 575 1904; x_wconf 85' lang='lat' dir='ltr'>lieet,</span> <span class='ocrx_word' id='word_1_132' title='bbox 598 1843 671 1885; x_wconf 89' lang='lat' dir='ltr'>oum</span> <span class='ocrx_word' id='word_1_133' title='bbox 684 1820 841 1885; x_wconf 84' lang='lat' dir='ltr'>Matthaei</span> <span class='ocrx_word' id='word_1_134' title='bbox 855 1820 1011 1886; x_wconf 78' lang='lat' dir='ltr'>Milonem</span> <span class='ocrx_word' id='word_1_135' title='bbox 1028 1820 1199 1887; x_wconf 87' lang='lat' dir='ltr'>imitentur</span> 
     </span>
     <span class='ocr_line' id='line_1_19' title="bbox 178 1907 1197 1997; baseline 0.001 -24"><span class='ocrx_word' id='word_1_136' title='bbox 178 1908 252 1973; x_wconf 89' lang='lat' dir='ltr'>illae</span> <span class='ocrx_word' id='word_1_137' title='bbox 272 1908 455 1974; x_wconf 84' lang='lat' dir='ltr'>comoediae</span> <span class='ocrx_word' id='word_1_138' title='bbox 474 1907 528 1997; x_wconf 84' lang='lat' dir='ltr'>(of.</span> <span class='ocrx_word' id='word_1_139' title='bbox 543 1931 568 1973; x_wconf 94' lang='lat' dir='ltr'>e.</span> <span class='ocrx_word' id='word_1_140' title='bbox 583 1932 614 1995; x_wconf 86' lang='lat' dir='ltr'>g.</span> <span class='ocrx_word' id='word_1_141' title='bbox 634 1909 735 1974; x_wconf 81' lang='lat' dir='ltr'>Mill</span> <span class='ocrx_word' id='word_1_142' title='bbox 758 1909 884 1974; x_wconf 74' lang='lat' dir='ltr'>‘hamus</span> <span class='ocrx_word' id='word_1_143' title='bbox 902 1909 1021 1974; x_wconf 89' lang='lat' dir='ltr'>amoris</span> <span class='ocrx_word' id='word_1_144' title='bbox 1040 1910 1133 1974; x_wconf 87' lang='lat' dir='ltr'>edax&#39;</span> <span class='ocrx_word' id='word_1_145' title='bbox 1154 1941 1197 1964; x_wconf 89' lang='lat'><em>=</em></span> 
     </span>
     <span class='ocr_line' id='line_1_20' title="bbox 179 1995 1198 2084; baseline 0.002 -22"><span class='ocrx_word' id='word_1_146' title='bbox 179 1997 247 2062; x_wconf 87' lang='lat' dir='ltr'>Mil.</span> <span class='ocrx_word' id='word_1_147' title='bbox 266 1998 346 2084; x_wconf 91' lang='lat' dir='ltr'>glor.</span> <span class='ocrx_word' id='word_1_148' title='bbox 366 1999 407 2064; x_wconf 85' lang='lat'>51</span> <span class='ocrx_word' id='word_1_149' title='bbox 429 1995 497 2084; x_wconf 83' lang='lat' dir='ltr'>al),</span> <span class='ocrx_word' id='word_1_150' title='bbox 519 1997 675 2064; x_wconf 89' lang='lat' dir='ltr'>Milonem</span> <span class='ocrx_word' id='word_1_151' title='bbox 693 2002 815 2083; x_wconf 89' lang='lat' dir='ltr'>autem,</span> <span class='ocrx_word' id='word_1_152' title='bbox 839 1997 894 2082; x_wconf 91' lang='lat' dir='ltr'>qui</span> <span class='ocrx_word' id='word_1_153' title='bbox 913 1997 1020 2082; x_wconf 89' lang='lat' dir='ltr'>primo</span> <span class='ocrx_word' id='word_1_154' title='bbox 1037 1999 1109 2064; x_wconf 89' lang='lat' dir='ltr'>loeo</span> <span class='ocrx_word' id='word_1_155' title='bbox 1133 2021 1198 2064; x_wconf 90' lang='lat' dir='ltr'>me·</span> 
     </span>
     <span class='ocr_line' id='line_1_21' title="bbox 180 2087 1198 2174; baseline 0.003 -24"><span class='ocrx_word' id='word_1_156' title='bbox 180 2091 325 2152; x_wconf 90' lang='lat' dir='ltr'>moratur</span> <span class='ocrx_word' id='word_1_157' title='bbox 348 2087 382 2152; x_wconf 91' lang='lat' dir='ltr'>in</span> <span class='ocrx_word' id='word_1_158' title='bbox 404 2087 561 2152; x_wconf 89' lang='lat' dir='ltr'>Matthaei</span> <span class='ocrx_word' id='word_1_159' title='bbox 585 2087 780 2172; x_wconf 79' lang='lat' dir='ltr'>scriptorum</span> <span class='ocrx_word' id='word_1_160' title='bbox 804 2087 964 2174; x_wconf 77' lang='lat' dir='ltr'>catalogo,</span> <span class='ocrx_word' id='word_1_161' title='bbox 987 2087 1073 2152; x_wconf 90' lang='lat' dir='ltr'>intra</span> <span class='ocrx_word' id='word_1_162' title='bbox 1096 2109 1198 2153; x_wconf 89' lang='lat' dir='ltr'>annos</span> 
     </span>
     <span class='ocr_line' id='line_1_22' title="bbox 180 2176 1079 2260; baseline 0.002 -21"><span class='ocrx_word' id='word_1_163' title='bbox 180 2176 247 2240; x_wconf 89' lang='lat' dir='ltr'>fere</span> <span class='ocrx_word' id='word_1_164' title='bbox 272 2177 493 2243; x_wconf 78' lang='lat'>1250-1260</span> <span class='ocrx_word' id='word_1_165' title='bbox 516 2199 585 2243; x_wconf 88' lang='lat' dir='ltr'>esse</span> <span class='ocrx_word' id='word_1_166' title='bbox 609 2176 731 2242; x_wconf 91' lang='lat' dir='ltr'>editum</span> <span class='ocrx_word' id='word_1_167' title='bbox 754 2198 943 2260; x_wconf 84' lang='lat' dir='ltr'>persuasum</span> <span class='ocrx_word' id='word_1_168' title='bbox 965 2176 1079 2241; x_wconf 91' lang='lat' dir='ltr'>habeo.</span> 
     </span>
    </p>

    <p class='ocr_par' dir='ltr' id='par_1_8' title="bbox 180 2261 1198 2885">
     <span class='ocr_line' id='line_1_23' title="bbox 269 2261 1198 2351; baseline 0.001 -22"><span class='ocrx_word' id='word_1_169' title='bbox 269 2261 450 2351; x_wconf 79' lang='lat' dir='ltr'>Singularis</span> <span class='ocrx_word' id='word_1_170' title='bbox 478 2266 560 2330; x_wconf 91' lang='lat' dir='ltr'>ratio</span> <span class='ocrx_word' id='word_1_171' title='bbox 589 2266 675 2330; x_wconf 90' lang='lat' dir='ltr'>inter</span> <span class='ocrx_word' id='word_1_172' title='bbox 701 2264 903 2331; x_wconf 90' lang='lat' dir='ltr'>Matthaeum</span> <span class='ocrx_word' id='word_1_173' title='bbox 927 2264 1198 2331; x_wconf 84' lang='lat' dir='ltr'>Vindocinensem</span> 
     </span>
     <span class='ocr_line' id='line_1_24' title="bbox 181 2350 1198 2437; baseline 0.004 -21"><span class='ocrx_word' id='word_1_174' title='bbox 181 2356 214 2416; x_wconf 93' lang='lat' dir='ltr'>et</span> <span class='ocrx_word' id='word_1_175' title='bbox 228 2350 424 2416; x_wconf 79' lang='lat' dir='ltr'>Guilelmum</span> <span class='ocrx_word' id='word_1_176' title='bbox 443 2353 621 2419; x_wconf 79' lang='lat' dir='ltr'>intersedit.</span> <span class='ocrx_word' id='word_1_177' title='bbox 658 2353 690 2418; x_wconf 92' lang='lat' dir='ltr'>U</span> <span class='ocrx_word' id='word_1_178' title='bbox 706 2374 803 2437; x_wconf 88' lang='lat' dir='ltr'>erque</span> <span class='ocrx_word' id='word_1_179' title='bbox 828 2353 914 2418; x_wconf 92' lang='lat' dir='ltr'>enim</span> <span class='ocrx_word' id='word_1_180' title='bbox 932 2353 966 2418; x_wconf 93' lang='lat' dir='ltr'>in</span> <span class='ocrx_word' id='word_1_181' title='bbox 979 2353 1198 2420; x_wconf 79' lang='lat' dir='ltr'>describendis</span> 
     </span>
     <span class='ocr_line' id='line_1_25' title="bbox 180 2439 1196 2528; baseline 0.001 -23"><span class='ocrx_word' id='word_1_182' title='bbox 180 2441 279 2505; x_wconf 90' lang='lat' dir='ltr'>rebus</span> <span class='ocrx_word' id='word_1_183' title='bbox 305 2439 496 2528; x_wconf 85' lang='lat' dir='ltr'>vulgaribus</span> <span class='ocrx_word' id='word_1_184' title='bbox 528 2440 642 2505; x_wconf 87' lang='lat' dir='ltr'>iisdem</span> <span class='ocrx_word' id='word_1_185' title='bbox 672 2439 842 2506; x_wconf 90' lang='lat' dir='ltr'>sententiis</span> <span class='ocrx_word' id='word_1_186' title='bbox 872 2447 905 2507; x_wconf 91' lang='lat' dir='ltr'>et</span> <span class='ocrx_word' id='word_1_187' title='bbox 931 2442 1041 2508; x_wconf 82' lang='lat' dir='ltr'>verbis</span> <span class='ocrx_word' id='word_1_188' title='bbox 1069 2441 1196 2526; x_wconf 89' lang='lat' dir='ltr'>saepius</span> 
     </span>
     <span class='ocr_line' id='line_1_26' title="bbox 181 2528 1196 2616; baseline 0.001 -22"><span class='ocrx_word' id='word_1_189' title='bbox 181 2528 299 2612; x_wconf 90' lang='lat' dir='ltr'>utitur,</span> <span class='ocrx_word' id='word_1_190' title='bbox 326 2530 500 2615; x_wconf 81' lang='lat' dir='ltr'>praecipue</span> <span class='ocrx_word' id='word_1_191' title='bbox 527 2529 586 2595; x_wconf 92' lang='lat' dir='ltr'>ubi</span> <span class='ocrx_word' id='word_1_192' title='bbox 610 2529 648 2594; x_wconf 90' lang='lat' dir='ltr'>de</span> <span class='ocrx_word' id='word_1_193' title='bbox 671 2528 889 2614; x_wconf 81' lang='lat' dir='ltr'>pulcritudine</span> <span class='ocrx_word' id='word_1_194' title='bbox 916 2531 968 2596; x_wconf 85' lang='lat' dir='ltr'>vel</span> <span class='ocrx_word' id='word_1_195' title='bbox 995 2529 1196 2616; x_wconf 87' lang='lat' dir='ltr'>turpitudine</span> 
     </span>
     <span class='ocr_line' id='line_1_27' title="bbox 180 2618 1196 2707; baseline 0.002 -25"><span class='ocrx_word' id='word_1_196' title='bbox 180 2618 349 2682; x_wconf 92' lang='lat' dir='ltr'>hominum</span> <span class='ocrx_word' id='word_1_197' title='bbox 373 2623 405 2684; x_wconf 93' lang='lat' dir='ltr'>et</span> <span class='ocrx_word' id='word_1_198' title='bbox 429 2620 467 2683; x_wconf 91' lang='lat' dir='ltr'>de</span> <span class='ocrx_word' id='word_1_199' title='bbox 489 2618 661 2683; x_wconf 91' lang='lat' dir='ltr'>mulierum</span> <span class='ocrx_word' id='word_1_200' title='bbox 683 2619 880 2703; x_wconf 76' lang='lat' dir='ltr'>procacitate</span> <span class='ocrx_word' id='word_1_201' title='bbox 908 2619 1031 2707; x_wconf 81' lang='lat' dir='ltr'>agitur3</span> <span class='ocrx_word' id='word_1_202' title='bbox 1058 2622 1115 2687; x_wconf 87' lang='lat' dir='ltr'>sed</span> <span class='ocrx_word' id='word_1_203' title='bbox 1137 2620 1196 2685; x_wconf 89' lang='lat' dir='ltr'>hae</span> 
     </span>
     <span class='ocr_line' id='line_1_28' title="bbox 181 2707 1197 2794; baseline 0.001 -22"><span class='ocrx_word' id='word_1_204' title='bbox 181 2709 256 2772; x_wconf 91' lang='lat' dir='ltr'>sunt</span> <span class='ocrx_word' id='word_1_205' title='bbox 267 2707 444 2772; x_wconf 89' lang='lat' dir='ltr'>sententiae</span> <span class='ocrx_word' id='word_1_206' title='bbox 459 2707 507 2772; x_wconf 91' lang='lat' dir='ltr'>illi</span> <span class='ocrx_word' id='word_1_207' title='bbox 521 2707 620 2772; x_wconf 92' lang='lat' dir='ltr'>aetati</span> <span class='ocrx_word' id='word_1_208' title='bbox 634 2730 828 2794; x_wconf 77' lang='lat' dir='ltr'>communes,</span> <span class='ocrx_word' id='word_1_209' title='bbox 842 2712 880 2776; x_wconf 90' lang='lat' dir='ltr'>ut</span> <span class='ocrx_word' id='word_1_210' title='bbox 894 2710 1032 2776; x_wconf 92' lang='lat' dir='ltr'>alterum</span> <span class='ocrx_word' id='word_1_211' title='bbox 1046 2730 1086 2774; x_wconf 86' lang='lat' dir='ltr'>ex</span> <span class='ocrx_word' id='word_1_212' title='bbox 1096 2709 1197 2774; x_wconf 88' lang='lat' dir='ltr'>altero</span> 
     </span>
     <span class='ocr_line' id='line_1_29' title="bbox 181 2794 877 2885; baseline 0.007 -26"><span class='ocrx_word' id='word_1_213' title='bbox 181 2795 321 2880; x_wconf 89' lang='lat' dir='ltr'>pendere</span> <span class='ocrx_word' id='word_1_214' title='bbox 344 2794 379 2860; x_wconf 92' lang='lat' dir='ltr'>in</span> <span class='ocrx_word' id='word_1_215' title='bbox 402 2796 587 2862; x_wconf 85' lang='lat' dir='ltr'>universum</span> <span class='ocrx_word' id='word_1_216' title='bbox 610 2796 673 2862; x_wconf 87' lang='lat' dir='ltr'>diei</span> <span class='ocrx_word' id='word_1_217' title='bbox 695 2796 877 2885; x_wconf 77' lang='lat' dir='ltr'>nequeat.²)</span> 
     </span>
    </p>
   </div>
   <div class='ocr_carea' id='block_1_3' title="bbox 180 2965 1197 3682">
    <p class='ocr_par' dir='ltr' id='par_1_9' title="bbox 180 2965 1197 3325">
     <span class='ocr_line' id='line_1_30' title="bbox 254 2965 1196 3041; baseline 0 -17"><span class='ocrx_word' id='word_1_218' title='bbox 254 2972 280 3039; x_wconf 92' lang='lat'>1)</span> <span class='ocrx_word' id='word_1_219' title='bbox 299 2969 406 3039; x_wconf 81' lang='lat' dir='ltr'>Lydiae</span> <span class='ocrx_word' id='word_1_220' title='bbox 420 2969 590 3026; x_wconf 87' lang='lat' dir='ltr'>versiculum</span> <span class='ocrx_word' id='word_1_221' title='bbox 605 2977 638 3027; x_wconf 83' lang='lat'>19</span> <span class='ocrx_word' id='word_1_222' title='bbox 655 2973 792 3028; x_wconf 80' lang='lat' dir='ltr'>‘murmur</span> <span class='ocrx_word' id='word_1_223' title='bbox 804 2985 950 3041; x_wconf 80' lang='lat' dir='ltr'>compesce</span> <span class='ocrx_word' id='word_1_224' title='bbox 965 2965 1074 3021; x_wconf 89' lang='lat' dir='ltr'>labelli’</span> <span class='ocrx_word' id='word_1_225' title='bbox 1094 2965 1196 3024; x_wconf 83' lang='lat' dir='ltr'>forma·</span> 
     </span>
     <span class='ocr_line' id='line_1_31' title="bbox 181 3036 1197 3112; baseline -0.001 -17"><span class='ocrx_word' id='word_1_226' title='bbox 181 3044 242 3095; x_wconf 91' lang='lat' dir='ltr'>tum</span> <span class='ocrx_word' id='word_1_227' title='bbox 260 3057 323 3095; x_wconf 88' lang='lat' dir='ltr'>esse</span> <span class='ocrx_word' id='word_1_228' title='bbox 342 3041 379 3096; x_wconf 87' lang='lat' dir='ltr'>ad</span> <span class='ocrx_word' id='word_1_229' title='bbox 399 3041 557 3112; x_wconf 88' lang='lat' dir='ltr'>exemplum</span> <span class='ocrx_word' id='word_1_230' title='bbox 576 3042 670 3099; x_wconf 89' lang='lat' dir='ltr'>Iuven.</span> <span class='ocrx_word' id='word_1_231' title='bbox 685 3044 707 3112; x_wconf 93' lang='grc' dir='ltr'>Ι,</span> <span class='ocrx_word' id='word_1_232' title='bbox 722 3048 774 3099; x_wconf 85' lang='grc'>160</span> <span class='ocrx_word' id='word_1_233' title='bbox 793 3042 912 3097; x_wconf 83' lang='lat' dir='ltr'>adnotat</span> <span class='ocrx_word' id='word_1_234' title='bbox 928 3036 1065 3092; x_wconf 85' lang='lat' dir='ltr'>Manitius</span> <span class='ocrx_word' id='word_1_235' title='bbox 1082 3037 1114 3093; x_wconf 90' lang='lat' dir='ltr'>in</span> <span class='ocrx_word' id='word_1_236' title='bbox 1132 3039 1197 3094; x_wconf 88' lang='lat' dir='ltr'>Phi·</span> 
     </span>
     <span class='ocr_line' id='line_1_32' title="bbox 180 3107 1196 3194; baseline 0 -27"><span class='ocrx_word' id='word_1_237' title='bbox 180 3112 267 3182; x_wconf 83' lang='lat' dir='ltr'>lolog.</span> <span class='ocrx_word' id='word_1_238' title='bbox 298 3112 333 3168; x_wconf 89' lang='lat' dir='ltr'>N.</span> <span class='ocrx_word' id='word_1_239' title='bbox 348 3112 386 3183; x_wconf 80' lang='lat' dir='ltr'>S.)</span> <span class='ocrx_word' id='word_1_240' title='bbox 401 3112 449 3182; x_wconf 84' lang='lat' dir='ltr'>IV,</span> <span class='ocrx_word' id='word_1_241' title='bbox 465 3118 542 3181; x_wconf 85' lang='grc'>1891,</span> <span class='ocrx_word' id='word_1_242' title='bbox 561 3129 627 3194; x_wconf 86' lang='lat' dir='ltr'>pag.</span> <span class='ocrx_word' id='word_1_243' title='bbox 642 3119 702 3170; x_wconf 76' lang='lat'><strong>3⁶0.</strong></span> <span class='ocrx_word' id='word_1_244' title='bbox 735 3114 773 3168; x_wconf 91' lang='lat' dir='ltr'>Et</span> <span class='ocrx_word' id='word_1_245' title='bbox 790 3111 867 3166; x_wconf 86' lang='lat' dir='ltr'>illius</span> <span class='ocrx_word' id='word_1_246' title='bbox 885 3109 968 3180; x_wconf 87' lang='lat' dir='ltr'>plura</span> <span class='ocrx_word' id='word_1_247' title='bbox 985 3107 1032 3163; x_wconf 89' lang='lat' dir='ltr'>hio</span> <span class='ocrx_word' id='word_1_248' title='bbox 1050 3108 1196 3167; x_wconf 85' lang='lat' dir='ltr'>inveniun-</span> 
     </span>
     <span class='ocr_line' id='line_1_33' title="bbox 180 3181 1196 3255; baseline -0.001 -16"><span class='ocrx_word' id='word_1_249' title='bbox 180 3186 235 3253; x_wconf 89' lang='lat' dir='ltr'>tur,</span> <span class='ocrx_word' id='word_1_250' title='bbox 255 3186 335 3240; x_wconf 84' lang='lat' dir='ltr'>veut</span> <span class='ocrx_word' id='word_1_251' title='bbox 352 3183 440 3239; x_wconf 86' lang='lat' dir='ltr'>verba</span> <span class='ocrx_word' id='word_1_252' title='bbox 457 3182 584 3238; x_wconf 77' lang='lat' dir='ltr'>mulieris</span> <span class='ocrx_word' id='word_1_253' title='bbox 603 3185 741 3255; x_wconf 82' lang='lat' dir='ltr'>superbae</span> <span class='ocrx_word' id='word_1_254' title='bbox 764 3185 822 3239; x_wconf 87' lang='lat' dir='ltr'>Iuv.</span> <span class='ocrx_word' id='word_1_255' title='bbox 842 3181 888 3250; x_wconf 85' lang='lat' dir='ltr'>Vl,</span> <span class='ocrx_word' id='word_1_256' title='bbox 908 3185 960 3236; x_wconf 76' lang='lat'>223</span> <span class='ocrx_word' id='word_1_257' title='bbox 981 3181 1045 3237; x_wconf 72' lang='lat' dir='ltr'>‘hoe</span> <span class='ocrx_word' id='word_1_258' title='bbox 1064 3183 1137 3253; x_wconf 86' lang='lat' dir='ltr'>volo,</span> <span class='ocrx_word' id='word_1_259' title='bbox 1158 3185 1196 3239; x_wconf 85' lang='lat' dir='ltr'>sio</span> 
     </span>
     <span class='ocr_line' id='line_1_34' title="bbox 181 3253 865 3325; baseline -0.001 -16"><span class='ocrx_word' id='word_1_260' title='bbox 181 3254 278 3311; x_wconf 90' lang='lat' dir='ltr'>iubeo&#39;</span> <span class='ocrx_word' id='word_1_261' title='bbox 301 3257 330 3310; x_wconf 97' lang='grc'>11</span> <span class='ocrx_word' id='word_1_262' title='bbox 348 3255 417 3325; x_wconf 91' lang='lat' dir='ltr'>Lyd.</span> <span class='ocrx_word' id='word_1_263' title='bbox 436 3261 489 3312; x_wconf 73' lang='lat'>470</span> <span class='ocrx_word' id='word_1_264' title='bbox 509 3253 561 3309; x_wconf 82' lang='lat' dir='ltr'>‘sio</span> <span class='ocrx_word' id='word_1_265' title='bbox 579 3255 644 3311; x_wconf 85' lang='lat' dir='ltr'>volo</span> <span class='ocrx_word' id='word_1_266' title='bbox 663 3255 760 3323; x_wconf 86' lang='lat' dir='ltr'>sieque</span> <span class='ocrx_word' id='word_1_267' title='bbox 778 3253 865 3309; x_wconf 85' lang='lat' dir='ltr'>veto’.</span> 
     </span>
    </p>

    <p class='ocr_par' dir='ltr' id='par_1_10' title="bbox 181 3325 1197 3682">
     <span class='ocr_line' id='line_1_35' title="bbox 252 3325 1196 3396; baseline -0.002 -16"><span class='ocrx_word' id='word_1_268' title='bbox 252 3329 280 3395; x_wconf 80' lang='lat'>2)</span> <span class='ocrx_word' id='word_1_269' title='bbox 298 3326 405 3381; x_wconf 84' lang='lat' dir='ltr'>Tamen</span> <span class='ocrx_word' id='word_1_270' title='bbox 428 3341 549 3383; x_wconf 85' lang='lat' dir='ltr'>conexus</span> <span class='ocrx_word' id='word_1_271' title='bbox 572 3341 629 3380; x_wconf 89' lang='lat' dir='ltr'>non</span> <span class='ocrx_word' id='word_1_272' title='bbox 653 3327 739 3396; x_wconf 85' lang='lat' dir='ltr'>plane</span> <span class='ocrx_word' id='word_1_273' title='bbox 757 3325 857 3394; x_wconf 84' lang='lat' dir='ltr'>negari</span> <span class='ocrx_word' id='word_1_274' title='bbox 897 3325 984 3394; x_wconf 79' lang='lat' dir='ltr'>otest,</span> <span class='ocrx_word' id='word_1_275' title='bbox 1009 3325 1196 3382; x_wconf 64' lang='grc'>1111111111-</span> 
     </span>
     <span class='ocr_line' id='line_1_36' title="bbox 181 3393 1196 3468; baseline -0.005 -16"><span class='ocrx_word' id='word_1_276' title='bbox 181 3395 261 3452; x_wconf 84' lang='lat' dir='ltr'>vious</span> <span class='ocrx_word' id='word_1_277' title='bbox 281 3397 392 3453; x_wconf 86' lang='lat' dir='ltr'>Traube</span> <span class='ocrx_word' id='word_1_278' title='bbox 412 3398 457 3468; x_wconf 61' lang='lat'>(³0</span> <span class='ocrx_word' id='word_1_279' title='bbox 475 3397 567 3453; x_wconf 84' lang='lat' dir='ltr'>Roma</span> <span class='ocrx_word' id='word_1_280' title='bbox 584 3396 700 3452; x_wconf 85' lang='lat' dir='ltr'>nobilis&#39;</span> <span class='ocrx_word' id='word_1_281' title='bbox 720 3413 786 3468; x_wconf 83' lang='lat' dir='ltr'>pag.</span> <span class='ocrx_word' id='word_1_282' title='bbox 801 3398 847 3466; x_wconf 75' lang='lat'>2³)</span> <span class='ocrx_word' id='word_1_283' title='bbox 892 3396 958 3452; x_wconf 86' lang='lat' dir='ltr'>ldae</span> <span class='ocrx_word' id='word_1_284' title='bbox 975 3415 1001 3452; x_wconf 86' lang='lat' dir='ltr'>v.</span> <span class='ocrx_word' id='word_1_285' title='bbox 1020 3401 1072 3454; x_wconf 80' lang='lat'>553</span> <span class='ocrx_word' id='word_1_286' title='bbox 1093 3393 1196 3450; x_wconf 84' lang='lat' dir='ltr'>‘neseio</span> 
     </span>
     <span class='ocr_line' id='line_1_37' title="bbox 183 3466 1197 3539; baseline -0.003 -17"><span class='ocrx_word' id='word_1_287' title='bbox 183 3466 245 3537; x_wconf 82' lang='lat' dir='ltr'>quis</span> <span class='ocrx_word' id='word_1_288' title='bbox 264 3468 368 3524; x_wconf 90' lang='lat' dir='ltr'>mulier</span> <span class='ocrx_word' id='word_1_289' title='bbox 386 3469 432 3526; x_wconf 89' lang='lat' dir='ltr'>vel</span> <span class='ocrx_word' id='word_1_290' title='bbox 454 3485 526 3539; x_wconf 90' lang='lat' dir='ltr'>quae</span> <span class='ocrx_word' id='word_1_291' title='bbox 549 3467 593 3523; x_wconf 84' lang='lat' dir='ltr'>vir</span> <span class='ocrx_word' id='word_1_292' title='bbox 616 3468 726 3538; x_wconf 88' lang='lat' dir='ltr'>quodve</span> <span class='ocrx_word' id='word_1_293' title='bbox 744 3469 886 3524; x_wconf 73' lang='lat' dir='ltr'>neuuum’</span> <span class='ocrx_word' id='word_1_294' title='bbox 912 3467 1026 3524; x_wconf 83' lang='lat' dir='ltr'>fluxisse</span> <span class='ocrx_word' id='word_1_295' title='bbox 1050 3468 1147 3522; x_wconf 80' lang='lat' dir='ltr'>censet</span> <span class='ocrx_word' id='word_1_296' title='bbox 1165 3481 1197 3520; x_wconf 82' lang='lat' dir='ltr'>er</span> 
     </span>
     <span class='ocr_line' id='line_1_38' title="bbox 181 3536 1197 3611; baseline -0.003 -18"><span class='ocrx_word' id='word_1_297' title='bbox 181 3539 420 3609; x_wconf 85' lang='lat' dir='ltr'>Hermaphrodito</span> <span class='ocrx_word' id='word_1_298' title='bbox 437 3543 512 3596; x_wconf 85' lang='lat' dir='ltr'>‘oum</span> <span class='ocrx_word' id='word_1_299' title='bbox 526 3557 590 3596; x_wconf 86' lang='lat' dir='ltr'>mea</span> <span class='ocrx_word' id='word_1_300' title='bbox 604 3556 650 3595; x_wconf 86' lang='lat' dir='ltr'>me</span> <span class='ocrx_word' id='word_1_301' title='bbox 662 3541 764 3596; x_wconf 88' lang='lat' dir='ltr'>mater’</span> <span class='ocrx_word' id='word_1_302' title='bbox 782 3555 850 3611; x_wconf 67' lang='lat' dir='ltr'>eqs„</span> <span class='ocrx_word' id='word_1_303' title='bbox 869 3556 952 3610; x_wconf 86' lang='lat' dir='ltr'>quem</span> <span class='ocrx_word' id='word_1_304' title='bbox 965 3538 1044 3593; x_wconf 81' lang='lat' dir='ltr'>nisus</span> <span class='ocrx_word' id='word_1_305' title='bbox 1059 3536 1197 3592; x_wconf 89' lang='lat' dir='ltr'>Matthaei</span> 
     </span>
     <span class='ocr_line' id='line_1_39' title="bbox 182 3607 1197 3682; baseline -0.003 -16"><span class='ocrx_word' id='word_1_306' title='bbox 182 3609 346 3667; x_wconf 85' lang='lat' dir='ltr'>testimonio</span> <span class='ocrx_word' id='word_1_307' title='bbox 370 3611 401 3666; x_wconf 86' lang='lat' dir='ltr'>in</span> <span class='ocrx_word' id='word_1_308' title='bbox 422 3610 600 3682; x_wconf 87' lang='lat' dir='ltr'>praefatione</span> <span class='ocrx_word' id='word_1_309' title='bbox 623 3628 666 3682; x_wconf 89' lang='lat' dir='ltr'>ep.</span> <span class='ocrx_word' id='word_1_310' title='bbox 689 3611 867 3682; x_wconf 84' lang='lat' dir='ltr'>poeticarum</span> <span class='ocrx_word' id='word_1_311' title='bbox 889 3631 916 3668; x_wconf 86' lang='lat' dir='ltr'>v.</span> <span class='ocrx_word' id='word_1_312' title='bbox 940 3617 975 3666; x_wconf 81' lang='grc'>14</span> <span class='ocrx_word' id='word_1_313' title='bbox 997 3610 1064 3665; x_wconf 89' lang='lat' dir='ltr'>huio</span> <span class='ocrx_word' id='word_1_314' title='bbox 1089 3607 1197 3665; x_wconf 78' lang='lat' dir='ltr'>auctori</span> 
     </span>
    </p>
   </div>
   <div class='ocr_carea' id='block_1_4' title="bbox 0 0 1341 4052">
    <p class='ocr_par' dir='ltr' id='par_1_11' title="bbox 0 0 1341 4052">
     <span class='ocr_line' id='line_1_40' title="bbox 0 0 1341 4052; baseline 0 0"><span class='ocrx_word' id='word_1_315' title='bbox 0 0 1341 4052; x_wconf 95' lang='lat' dir='ltr'> </span> 
     </span>
    </p>
   </div>
  </div>
 </body>
</html>
