2672 4052
557 212 773 276 ..66-

203 369 296 456 ignes
319 389 337 433 a
360 369 480 434 nostris
504 369 678 453 sumpserit
701 368 758 433 illa
781 369 870 435 cibis.

105 475 145 516 255
160 458 316 544 prodigus
339 456 374 521 in
397 457 502 541 primo
526 458 570 522 sis
593 479 725 522 munere
749 458 851 543 deque
875 459 984 524 futuro

204 568 295 630 spem
319 545 439 610 faciant
462 545 510 610 illi
533 568 666 612 munera
689 546 794 631 prima
817 547 944 612 bonam.

159 636 205 700 sie
227 634 290 699 tibi
315 639 392 700 tunc
415 634 514 699 fuerit
536 635 675 722 geminis
699 635 830 702 astricta
854 635 988 720 catenis,

202 723 453 807 muneribusque
476 723 543 789 tuis
566 723 826 809 carminibusque
849 724 937 790 meis.

157 834 223 877 non
247 817 295 877 est
318 812 495 878 laudandus
518 813 569 877 vel
592 813 746 878 amandus
769 834 882 878 avarus
905 818 1042 900 amator,

105 921 144 960 260
203 901 360 988 prodigus
383 901 482 967 estol'
509 939 546 948 —
572 901 667 966 ‘nihil
695 906 744 966 est
771 902 863 966 mihi’
886 901 1031 986 Pyrrhus
1053 904 1107 968 ait.
1130 942 1174 952 —

158 989 294 1075 Spurius
316 990 390 1055 hcc:
415 989 517 1075 hovi,
539 989 629 1076 novi,
653 1012 734 1074 puer
757 991 895 1075 optime,
916 992 1005 1076 novi,

201 1082 234 1143 te
258 1079 361 1164 patris
384 1078 579 1164 improbitas
601 1101 668 1144 non
691 1079 768 1144 sinit
793 1102 860 1145 esse
883 1080 1033 1163 probum.

157 1168 277 1232 austeri
301 1171 334 1232 et
358 1168 429 1233 duri
452 1168 538 1234 senis
561 1167 766 1233 inclementia
788 1169 892 1233 nostri
916 1207 959 1216 —

202 1257 286 1342 proh
309 1256 426 1341 pudor!
450 1269 492 1303 '--
516 1256 551 1321 in
574 1278 674 1340 puero
699 1260 732 1321 te
755 1256 833 1321 facit
857 1278 925 1322 esse
949 1280 1067 1324 senem.

102 1363 142 1404 aas
156 1345 244 1429 lude,
267 1344 444 1411 satisfacias
467 1345 559 1410 annis
582 1366 737 1430 operosus
759 1349 884 1410 amator

201 1455 260 1499 nec
284 1434 369 1500 senis
392 1433 543 1522 invigiles
566 1433 712 1500 moribus
735 1438 809 1498 ante
834 1433 954 1499 senem!

158 1545 230 1588 cum
253 1523 335 1589 nihil
358 1523 393 1588 in
415 1523 530 1589 loculis
553 1523 616 1588 tibi
640 1523 696 1609 sit,
720 1545 776 1588 cur
798 1523 895 1608 plena
916 1522 1044 1590 laborat

203 1633 275 1677 arca
299 1612 423 1696 patris?
447 1616 540 1697 patre
564 1612 663 1678 divite
686 1616 782 1677 natus
805 1612 901 1700 eget?

157 1699 232 1765 falle
257 1723 379 1784 senem,
401 1702 459 1766 fiat
482 1701 544 1766 tibi
569 1701 666 1766 clavis
689 1701 862 1766 adulteral'
885 1700 1030 1786 Pyrrhus

103 1809 143 1847 aro
202 1788 247 1853 sic
270 1789 339 1876 agit
363 1793 395 1852 et
417 1790 541 1854 loculos
565 1789 704 1854 sarcinat
727 1789 798 1873 ipse
822 1811 904 1854 suos.

157 1873 293 1961 Spurius
317 1880 449 1961 accepto
473 1877 641 1961 pastillum
664 1881 837 1961 praeparat
859 1899 945 1942 aere:

201 1966 271 2051 ipse
296 1965 358 2031 sibi
383 1966 507 2052 doctor,
530 1966 601 2051 ipse
625 1965 780 2053 magister
803 1970 879 2032 erat.

156 2055 190 2118 in
214 2076 330 2120 conum
354 2052 444 2138 prius
468 2054 617 2142 erigitur,
641 2055 829 2122 descendere
853 2056 983 2122 tandem

201 2143 329 2231 cogitur
352 2144 386 2208 in
409 2144 511 2209 latum
534 2150 629 2228 pasta
652 2149 818 2229 premente
842 2166 952 2231 manu3

103 2249 142 2290 ru
156 2231 269 2319 figitur
292 2233 327 2297 in
349 2232 454 2297 medio
478 2237 590 2317 pastae
614 2255 740 2318 manus,
763 2233 864 2298 altera
888 2234 1007 2300 circum

202 2320 290 2385 ducit
314 2325 347 2385 et
370 2321 515 2385 extendit
539 2325 748 2406 attenuatque
773 2322 916 2408 globum.

228 2520 279 2568 256
299 2529 378 2583 spem
396 2510 503 2567 facient
601 2517 652 2568 259
672 2529 724 2567 nee
743 2510 880 2565 amandus
979 2516 1030 2566 261
1050 2511 1169 2581 Spurius

154 2584 226 2639 haec
307 2590 359 2639 266
379 2582 434 2637 diri
506 2589 557 2640 262
578 2601 640 2638 cum
657 2583 744 2655 plena
822 2587 874 2636 220
894 2584 955 2637 arte
974 2597 1038 2637 suos
1114 2587 1170 2638 225

154 2654 186 2710 in
203 2654 296 2711 medio
315 2670 425 2710 massae

227 2837 279 2887 259
300 2847 402 2886 avarus
421 2834 543 2904 amator]
563 2835 673 2888 amator
691 2849 790 2888 avarus
811 2832 884 2886 XM
898 2862 931 2872 —
951 2836 1003 2886 250
1021 2828 1106 2904 nihil]
1125 2829 1168 2884 nil

155 2903 190 2957 H
204 2933 239 2945 -
264 2907 315 2958 261
336 2902 383 2972 Sp.
400 2902 466 2957 hcc:
487 2901 553 2959 novi
571 2920 622 2974 cqc.
641 2906 754 2974 scripsi,
773 2903 831 2973 Sp:
853 2902 934 2956 ‘haec
951 2900 1017 2956 novi
1036 2917 1087 2972 cqc.
1113 2903 1170 2957 Wr

156 2973 215 3043 Sp:
234 2973 288 3028 hcc
306 2974 373 3028 novi
392 2990 442 3045 epa.
463 2975 500 3028 M
523 3006 555 3016 -
586 2981 637 3030 262
657 2974 780 3029 tibiam.
801 2974 836 3028 H
855 3004 888 3014 -
912 2978 964 3028 268
983 2973 1067 3027 natus
1086 2974 1167 3046 eget]

154 3059 272 3186 111Ρὲ1
281 3042 389 3170 ⁸³3er
414 3047 643 3188 ptlllhltbl
671 3043 1093 3187 ‘al'lsltlblbflr‘ll‘
1117 3044 1169 3114 ²³³

226 3301 278 3348 255
297 3292 400 3364 deque]
420 3309 488 3349 corr.
508 3309 522 3348 e
540 3292 575 3348 de
590 3309 646 3361 qua
670 3292 697 3348 V
709 3291 811 3364 Meque
829 3293 937 3349 videtur
955 3293 1068 3350 derasa
1086 3293 1113 3347 L
1133 3322 1168 3332 -

154 3369 205 3418 252
224 3364 304 3435 tunc]
324 3379 398 3418 nunc
412 3365 438 3418 L
457 3395 489 3404 —
510 3369 561 3418 252
581 3364 706 3488 neepJvel
726 3365 762 3418 W
780 3395 811 3404 -
832 3380 933 3419 avarus
953 3364 1073 3435 amator]
1090 3378 1169 3442 ama·

154 3436 200 3489 tor
222 3451 323 3488 avarus
342 3435 369 3489 L
394 3466 426 3475 -
449 3440 499 3490 261
529 3436 611 3508 haec]
660 3450 692 3489 oc
711 3436 737 3489 L
765 3466 798 3476 -
825 3441 878 3490 253
907 3434 1014 3490 austeri
1041 3436 1070 3489 et
1098 3432 1167 3502 din]

154 3504 275 3560 austeris
295 3507 325 3560 et
343 3505 402 3560 dixi
426 3506 464 3560 W
480 3536 515 3547 -
533 3505 727 3578 inclementia]
746 3505 924 3562 indemcncia
948 3507 973 3560 V
992 3537 1024 3546 -
1044 3509 1096 3560 261
1114 3519 1168 3572 pu-

153 3575 217 3647 dor]
237 3575 325 3647 pudet
344 3577 371 3630 L
390 3607 422 3617 -
443 3582 495 3631 220
515 3577 576 3645 agit
595 3578 635 3648 51]
656 3594 724 3648 ager
743 3580 772 3633 et
790 3579 817 3634 L
