2672 4052
607 245 825 310 „18-

210 427 271 489 que
300 403 446 489 quaestio
475 402 591 487 oritur,
617 407 728 467 utrum
756 402 908 467 Guilelmi
931 402 1092 469 Blescnsis
1121 427 1231 471 exem-

209 493 315 578 plum,
343 492 395 558 cui
417 491 585 556 Menandri
607 514 726 556 nomen
748 490 947 576 adscriptum
974 497 1044 556 erat
1070 493 1229 579 cuiusque

210 582 326 647 titulus
354 604 427 646 cum
452 580 647 645 Menandreo
676 579 911 663 consentiebat,
938 601 1012 644 vere
1041 580 1081 644 ad
1109 589 1229 666 poetae

210 670 318 757 graeci
337 692 420 755 opus
445 668 588 735 revocari
611 669 716 753 possit
742 690 851 734 necne.
888 666 937 732 Ac
954 669 1123 755 negaverit
1142 672 1229 755 quis—

211 759 300 842 piam
322 759 408 824 inter
430 758 511 823 illud
534 758 719 842 exemplum
743 761 775 822 et
793 757 1005 822 Menandrum
1028 757 1229 826 intercedere

210 848 437 913 necessitatem
459 847 624 911 affirmans
642 847 810 911 Menandri
832 845 961 911 fabulas
981 846 1045 910 iam
1064 847 1129 912 illis
1147 853 1229 913 tem-

211 937 347 1021 poribus
370 957 503 1021 prorsus
527 934 701 1000 evanuisse.
739 934 803 1000 Sed
824 934 949 1019 dubito,
970 956 1049 999 num
1072 940 1157 1000 recte
1182 938 1228 1001 af-

210 1026 325 1089 firmet.
361 1024 475 1109 Neque
504 1024 590 1090 enim
614 1023 744 1089 omnino
772 1024 812 1088 ad
835 1023 964 1110 prologi
987 1046 1098 1090 versus
1120 1025 1225 1109 requi·

211 1111 294 1178 ritur
317 1112 485 1177 Menandri
503 1112 615 1178 fabula
635 1116 799 1197 superstes
823 1116 906 1196 tota,
929 1113 1008 1177 satis
1027 1117 1077 1177 est
1097 1112 1226 1178 demon·

212 1206 331 1266 strasse
364 1201 510 1285 potuisse
543 1206 651 1266 extare
682 1201 824 1286 aliquam
854 1201 1034 1285 ὑπόθεσιν,
1066 1201 1228 1287 notitiam,

211 1294 448 1376 argumentum,
467 1288 572 1378 (talia
586 1295 695 1355 autem
709 1293 901 1375 argumenta
917 1293 1003 1354 11111
1019 1289 1149 1374 quidem
1163 1295 1228 1355 tra-

211 1379 400 1465 goediarum
428 1379 525 1443 etiam
553 1378 793 1464 deperditarum
821 1376 860 1442 ad
887 1378 998 1443 infima
1020 1401 1123 1463 usque
1147 1383 1228 1444 tem-

211 1490 292 1551 pora
324 1467 509 1552 pervenisse
540 1472 656 1533 notum
685 1471 748 1552 est,
779 1466 868 1531 velut
900 1466 938 1531 de
966 1466 1153 1551 Euripideis
1186 1467 1228 1532 ad

212 1556 343 1621 Taetzas
358 1555 473 1621 delatis
488 1555 571 1622 dixit
579 1556 797 1621 Wilamowitz
812 1555 847 1620 in
860 1556 941 1620 anal.
951 1555 1074 1640 Murip?
1084 1556 1228 1620 Bueche-

211 1643 322 1732 lerus).
358 1642 406 1708 Ac
428 1666 469 1709 ne
494 1645 580 1729 quod
606 1645 731 1732 tragico
759 1645 923 1728 concedis,
951 1644 1073 1709 comico
1102 1646 1227 1710 abnuas

213 1737 337 1817 poetae,
352 1754 455 1816 pauca
468 1733 637 1797 Menandri
656 1737 770 1816 postea
787 1734 857 1797 noti
876 1732 1067 1798 documenta
1086 1734 1226 1799 afferam.

212 1821 304 1886 Illius
319 1821 428 1906 enim,
452 1844 548 1905 quem
570 1821 694 1906 posteri
718 1843 880 1886 summum
903 1820 1098 1886 comicorum
1125 1822 1226 1887 fuisse

213 1909 432 1993 consentiunt,
459 1910 587 1974 fabulas
611 1909 778 1974 Plutarchi
805 1909 1010 1994 temporibus
1037 1912 1181 1976 nondum
1209 1934 1227 1976 e

213 2020 327 2063 scaena
359 1998 505 2063 exulasse
535 1996 708 2086 constat¹),
740 1997 920 2064 diutissime
952 1998 1052 2064 fuisse
1085 2004 1227 2065 servatas

212 2088 307 2152 facile
326 2087 508 2153 conieceris.
544 2086 653 2174 Atque
671 2110 706 2153 rc
724 2110 800 2152 vera
819 2087 1023 2173 sequentium
1042 2093 1226 2173 temporum

213 2176 401 2261 scriptores,
430 2176 485 2260 qui
509 2198 526 2240 a
554 2177 742 2262 comoediis,
770 2199 842 2242 cum
869 2199 936 2243 non
963 2177 1028 2242 iam
1052 2177 1114 2243 hoc
1141 2177 1226 2241 litte-

213 2286 322 2329 rarum
350 2287 453 2351 genus
480 2264 636 2348 placeret,
663 2287 794 2331 scaenas
822 2266 958 2330 subtiles
986 2270 1019 2330 et
1041 2267 1226 2331 narratione

214 2353 328 2438 dignas
352 2357 521 2436 excerptas
545 2354 699 2438 operibus
722 2353 788 2418 suis
811 2377 908 2437 prosa
931 2353 1076 2418 oratione
1097 2376 1225 2437 compo-

214 2441 285 2506 sitis
303 2441 520 2524 inseruerunt,
542 2441 754 2507 Menandrum
771 2463 838 2505 non
855 2441 1025 2505 recessisse
1040 2464 1057 2505 e
1071 2442 1227 2506 memoria

214 2534 312 2595 testes
332 2527 448 2616 sunu).
484 2529 615 2595 Adicias
634 2530 720 2614 quod
738 2529 836 2594 etiam
854 2529 889 2594 iu
902 2528 1057 2594 Arvernis
1076 2528 1227 2594 Sidonius

287 2688 314 2756 1)
334 2685 374 2741 of.
393 2689 553 2756 Augustum
571 2686 702 2742 Meinelrc
727 2686 887 2742 ‘Menandri
910 2688 940 2741 et
956 2685 1129 2740 Philemonis
1150 2689 1226 2757 frag·

213 2757 321 2812 menta'
361 2772 405 2827 ag.
424 2757 537 2813 XXXII.

287 2830 315 2898 2)
333 2774 581 2896 1111111111,
595 2827 728 2899 Alciphro
744 2830 773 2883 et
782 2828 978 2884 Aristaenetus
992 2826 1226 2899 epistolographi,

217 2898 359 2968 Aelianus,
377 2900 522 2968 Libanius,
541 2899 688 2967 Eusebius,
705 2899 849 2955 Choricius
864 2899 900 2955 al.
915 2898 955 2955 cf.
970 2898 1122 2969 praecipue
1137 2898 1226 2954 Theo-

217 2970 316 3024 dorum
334 2969 414 3024 Koch
431 2971 462 3024 in
479 2970 600 3026 Hermae
618 2973 686 3026 tom.
705 2971 778 3039 XXI,
796 2988 862 3041 pag.
877 2975 928 3026 312
944 2987 1019 3040 sqq,
1039 2969 1118 3025 cuius
1140 2971 1227 3026 rerba

217 3043 283 3096 sunt
296 3057 361 3111 pag.
377 3047 441 3095 392:
463 3041 512 3096 ‘Es
531 3059 588 3096 war
607 3041 670 3096 eine
689 3041 841 3123 allgemein
858 3040 1028 3096 verbreitete
1042 3041 1163 3112 Uebung
1177 3043 1226 3098 des

216 3111 335 3180 eigenen
354 3110 448 3180 Stiles,
468 3111 514 3166 die
534 3111 696 3167 Schreibart
714 3129 791 3167 eines
809 3113 948 3184 gewissen
960 3112 1111 3170 Vorbildes
1128 3114 1160 3169 in
1178 3114 1228 3168 der

215 3183 312 3240 Weise
330 3182 554 3253 nachauahmen,
573 3183 639 3238 dass
657 3201 725 3239 111111
741 3182 822 3238 nicht
839 3183 901 3238 blos
916 3182 1015 3255 sigone
1029 3183 1184 3241 Gadanken
1197 3185 1227 3238 in

216 3253 266 3308 der
288 3254 417 3310 frcmden
439 3254 522 3309 Form
545 3257 710 3324 ausprtgte‚
734 3253 856 3310 sondcru
878 3253 951 3309 anch
973 3272 1063 3327 ganzo
1087 3255 1227 3311 Schriften

217 3325 285 3379 oder
303 3325 428 3381 1111111111
448 3325 555 3380 Stellen
578 3325 628 3381 der
645 3325 732 3381 Alten
753 3324 934 3395 mannigfach
954 3326 1080 3396 variirte,
1098 3326 1227 3381 1111111111-

215 3395 274 3450 lich
291 3396 437 3466 poetische
456 3397 561 3452 Stticke
578 3397 609 3452 in
627 3396 673 3452 die
692 3398 775 3452 Fcrm
794 3397 845 3452 der
862 3396 939 3452 Reda
961 3399 1030 3453 oder
1052 3397 1101 3451 des
1119 3393 1226 3450 Briefes

215 3468 386 3523 umschrIeb’
402 3484 459 3536 eqs.
492 3468 565 3524 Vide
579 3471 726 3539 praeterea
740 3469 860 3523 eundem
877 3467 907 3523 in
926 3487 995 3526 mus.
1010 3468 1087 3522 rhen.
1101 3469 1168 3521 tom.
1183 3472 1226 3536 43,

216 3555 282 3608 pag.
297 3544 330 3593 29
342 3557 411 3608 sqq,
431 3539 616 3609 Volckmann,
636 3539 736 3594 Studia
749 3539 939 3610 Alciphronea
952 3541 972 3595 I.
1001 3539 1043 3592 De
1056 3536 1226 3607 Alciphronc
1295 3593 1296 3598 χ

217 3609 380 3666 comoediae
404 3608 560 3682 imitatore,
584 3610 714 3667 Oarolum
734 3610 828 3668 Graux
849 3611 879 3665 in
900 3607 1054 3664 ‘Annuaire
1078 3608 1113 3664 de
1131 3608 1226 3664 l'asso·
1295 3625 1296 3636 ¹
