<?xml version="1.0" encoding="UTF-8"?>
<!DOCTYPE html PUBLIC "-//W3C//DTD XHTML 1.0 Transitional//EN"
    "http://www.w3.org/TR/xhtml1/DTD/xhtml1-transitional.dtd">
<html xmlns="http://www.w3.org/1999/xhtml" xml:lang="en" lang="en">
 <head>
  <title>
</title>
<meta http-equiv="Content-Type" content="text/html;charset=utf-8" />
  <meta name='ocr-system' content='tesseract 3.04.00' />
  <meta name='ocr-capabilities' content='ocr_page ocr_carea ocr_par ocr_line ocrx_word'/>
</head>
<body>
  <div class='ocr_page' id='page_1' title='image "./guilelmiblesens01lohmgoog/guilelmiblesens01lohmgoog_0040.png"; bbox 0 0 2672 4052; ppageno 0'>
   <div class='ocr_carea' id='block_1_1' title="bbox 554 251 774 316">
    <p class='ocr_par' dir='ltr' id='par_1_1' title="bbox 554 251 774 316">
     <span class='ocr_line' id='line_1_1' title="bbox 554 251 774 316; baseline 0 -20"><span class='ocrx_word' id='word_1_1' title='bbox 554 251 774 316; x_wconf 62' lang='lat'>..31-</span> 
     </span>
    </p>
   </div>
   <div class='ocr_carea' id='block_1_2' title="bbox 152 408 1175 1204">
    <p class='ocr_par' dir='ltr' id='par_1_2' title="bbox 152 408 1175 852">
     <span class='ocr_line' id='line_1_2' title="bbox 152 408 1174 494; baseline -0.001 -20"><span class='ocrx_word' id='word_1_2' title='bbox 152 411 220 476; x_wconf 86' lang='lat' dir='ltr'>tiae</span> <span class='ocrx_word' id='word_1_3' title='bbox 239 408 470 476; x_wconf 83' lang='lat' dir='ltr'>adminiculum</span> <span class='ocrx_word' id='word_1_4' title='bbox 493 409 639 493; x_wconf 87' lang='lat' dir='ltr'>affertur,</span> <span class='ocrx_word' id='word_1_5' title='bbox 663 409 719 494; x_wconf 93' lang='lat' dir='ltr'>qui</span> <span class='ocrx_word' id='word_1_6' title='bbox 743 408 794 474; x_wconf 74' lang='lat' dir='ltr'>‘de</span> <span class='ocrx_word' id='word_1_7' title='bbox 814 408 933 474; x_wconf 86' lang='lat' dir='ltr'>amore’</span> <span class='ocrx_word' id='word_1_8' title='bbox 953 430 1082 474; x_wconf 89' lang='lat' dir='ltr'>carmen</span> <span class='ocrx_word' id='word_1_9' title='bbox 1105 430 1174 473; x_wconf 87' lang='lat' dir='ltr'>esse</span> 
     </span>
     <span class='ocr_line' id='line_1_3' title="bbox 153 497 1175 585; baseline -0.002 -21"><span class='ocrx_word' id='word_1_10' title='bbox 153 501 314 585; x_wconf 90' lang='lat' dir='ltr'>scriptum</span> <span class='ocrx_word' id='word_1_11' title='bbox 346 502 420 562; x_wconf 89' lang='lat' dir='ltr'>ante</span> <span class='ocrx_word' id='word_1_12' title='bbox 453 520 480 562; x_wconf 91' lang='lat' dir='ltr'>a.</span> <span class='ocrx_word' id='word_1_13' title='bbox 508 499 593 564; x_wconf 80' lang='lat'>1159</span> <span class='ocrx_word' id='word_1_14' title='bbox 618 497 800 582; x_wconf 86' lang='lat' dir='ltr'>suspicatus</span> <span class='ocrx_word' id='word_1_15' title='bbox 831 502 893 581; x_wconf 89' lang='lat' dir='ltr'>est,</span> <span class='ocrx_word' id='word_1_16' title='bbox 926 520 999 563; x_wconf 85' lang='lat' dir='ltr'>cunr</span> <span class='ocrx_word' id='word_1_17' title='bbox 1026 497 1175 562; x_wconf 77' lang='lat' dir='ltr'>laudetur</span> 
     </span>
     <span class='ocr_line' id='line_1_4' title="bbox 152 585 1175 673; baseline -0.002 -21"><span class='ocrx_word' id='word_1_18' title='bbox 152 611 266 654; x_wconf 87' lang='lat' dir='ltr'>versus</span> <span class='ocrx_word' id='word_1_19' title='bbox 290 588 358 654; x_wconf 88' lang='lat' dir='ltr'>eius</span> <span class='ocrx_word' id='word_1_20' title='bbox 382 610 400 652; x_wconf 88' lang='lat' dir='ltr'>a</span> <span class='ocrx_word' id='word_1_21' title='bbox 423 586 542 651; x_wconf 84' lang='lat' dir='ltr'>Ioanne</span> <span class='ocrx_word' id='word_1_22' title='bbox 562 585 797 652; x_wconf 74' lang='lat' dir='ltr'>saresberiensi</span> <span class='ocrx_word' id='word_1_23' title='bbox 820 587 855 651; x_wconf 90' lang='lat' dir='ltr'>in</span> <span class='ocrx_word' id='word_1_24' title='bbox 872 586 1067 673; x_wconf 83' lang='lat' dir='ltr'>Metalogico</span> <span class='ocrx_word' id='word_1_25' title='bbox 1092 585 1175 651; x_wconf 89' lang='lat' dir='ltr'>circa</span> 
     </span>
     <span class='ocr_line' id='line_1_5' title="bbox 154 675 511 742; baseline -0.008 0"><span class='ocrx_word' id='word_1_26' title='bbox 154 679 249 742; x_wconf 90' lang='lat' dir='ltr'>illum</span> <span class='ocrx_word' id='word_1_27' title='bbox 272 698 392 742; x_wconf 92' lang='lat' dir='ltr'>annum</span> <span class='ocrx_word' id='word_1_28' title='bbox 416 675 511 740; x_wconf 88' lang='lat' dir='ltr'>edito.</span> 
     </span>
     <span class='ocr_line' id='line_1_6' title="bbox 153 763 437 852; baseline -0.007 -21"><span class='ocrx_word' id='word_1_29' title='bbox 153 766 290 850; x_wconf 90' lang='lat' dir='ltr'>Pamph.</span> <span class='ocrx_word' id='word_1_30' title='bbox 297 763 324 852; x_wconf 79' lang='grc'>1)</span> <span class='ocrx_word' id='word_1_31' title='bbox 342 764 399 849; x_wconf 92' lang='lat' dir='ltr'>Ill,</span> <span class='ocrx_word' id='word_1_32' title='bbox 418 767 437 830; x_wconf 89' lang='lat'>8</span> 
     </span>
    </p>

    <p class='ocr_par' dir='ltr' id='par_1_3' title="bbox 154 852 1011 1028">
     <span class='ocr_line' id='line_1_7' title="bbox 223 852 1011 937; baseline -0.001 -18"><span class='ocrx_word' id='word_1_33' title='bbox 223 854 364 919; x_wconf 80' lang='lat' dir='ltr'>‘venales</span> <span class='ocrx_word' id='word_1_34' title='bbox 377 875 509 918; x_wconf 85' lang='lat' dir='ltr'>merces</span> <span class='ocrx_word' id='word_1_35' title='bbox 531 852 703 937; x_wconf 88' lang='lat' dir='ltr'>improbus</span> <span class='ocrx_word' id='word_1_36' title='bbox 726 856 855 936; x_wconf 91' lang='lat' dir='ltr'>emptor</span> <span class='ocrx_word' id='word_1_37' title='bbox 877 852 1011 918; x_wconf 86' lang='lat' dir='ltr'>habet’·</span> 
     </span>
     <span class='ocr_line' id='line_1_8' title="bbox 154 942 370 1028; baseline -0.005 -20"><span class='ocrx_word' id='word_1_38' title='bbox 154 942 228 1008; x_wconf 84' lang='lat' dir='ltr'>Ald.</span> <span class='ocrx_word' id='word_1_39' title='bbox 247 944 313 1010; x_wconf 79' lang='lat'>225</span> <span class='ocrx_word' id='word_1_40' title='bbox 324 965 370 1028; x_wconf 90' lang='lat' dir='ltr'>sq.</span> 
     </span>
    </p>

    <p class='ocr_par' dir='ltr' id='par_1_4' title="bbox 224 1032 830 1118">
     <span class='ocr_line' id='line_1_9' title="bbox 224 1032 830 1118; baseline -0.005 -22"><span class='ocrx_word' id='word_1_41' title='bbox 224 1032 342 1118; x_wconf 76' lang='lat' dir='ltr'>‘gratia</span> <span class='ocrx_word' id='word_1_42' title='bbox 365 1051 564 1096; x_wconf 88' lang='lat' dir='ltr'>summorum</span> <span class='ocrx_word' id='word_1_43' title='bbox 588 1052 678 1094; x_wconf 85' lang='lat' dir='ltr'>merx</span> <span class='ocrx_word' id='word_1_44' title='bbox 702 1034 751 1095; x_wconf 90' lang='lat' dir='ltr'>est</span> <span class='ocrx_word' id='word_1_45' title='bbox 771 1081 776 1093; x_wconf 94' lang='lat'>.</span> <span class='ocrx_word' id='word_1_46' title='bbox 798 1080 830 1093; x_wconf 89' lang='lat'>..</span> 
     </span>
    </p>

    <p class='ocr_par' dir='ltr' id='par_1_5' title="bbox 268 1118 1014 1204">
     <span class='ocr_line' id='line_1_10' title="bbox 268 1118 1014 1204; baseline -0.004 -19"><span class='ocrx_word' id='word_1_47' title='bbox 268 1172 329 1185; x_wconf 91' lang='lat'>...</span> <span class='ocrx_word' id='word_1_48' title='bbox 352 1120 436 1184; x_wconf 89' lang='lat' dir='ltr'>hanc</span> <span class='ocrx_word' id='word_1_49' title='bbox 459 1118 547 1184; x_wconf 90' lang='lat' dir='ltr'>solus</span> <span class='ocrx_word' id='word_1_50' title='bbox 571 1118 727 1204; x_wconf 81' lang='lat' dir='ltr'>prodigus</span> <span class='ocrx_word' id='word_1_51' title='bbox 752 1122 880 1202; x_wconf 89' lang='lat' dir='ltr'>emptor</span> <span class='ocrx_word' id='word_1_52' title='bbox 903 1118 1014 1183; x_wconf 86' lang='lat' dir='ltr'>habet’</span> 
     </span>
    </p>
   </div>
   <div class='ocr_carea' id='block_1_3' title="bbox 582 1263 742 1273">
    <p class='ocr_par' dir='ltr' id='par_1_6' title="bbox 582 1263 742 1273">
     <span class='ocr_line' id='line_1_11' title="bbox 582 1263 742 1273; baseline 0 -3"><span class='ocrx_word' id='word_1_53' title='bbox 582 1263 742 1273; x_wconf 71' lang='lat'><em>——-.--</em></span> 
     </span>
    </p>
   </div>
   <div class='ocr_carea' id='block_1_4' title="bbox 156 1295 444 1382">
    <p class='ocr_par' dir='ltr' id='par_1_7' title="bbox 156 1295 444 1382">
     <span class='ocr_line' id='line_1_12' title="bbox 156 1295 444 1382; baseline -0.003 -20"><span class='ocrx_word' id='word_1_54' title='bbox 156 1297 293 1382; x_wconf 86' lang='lat' dir='ltr'>Pamph.</span> <span class='ocrx_word' id='word_1_55' title='bbox 311 1295 382 1382; x_wconf 92' lang='lat' dir='ltr'>XII,</span> <span class='ocrx_word' id='word_1_56' title='bbox 402 1296 444 1362; x_wconf 85' lang='lat'>15</span> 
     </span>
    </p>
   </div>
   <div class='ocr_carea' id='block_1_5' title="bbox 156 1382 1020 1734">
    <p class='ocr_par' dir='ltr' id='par_1_8' title="bbox 156 1382 1020 1734">
     <span class='ocr_line' id='line_1_13' title="bbox 224 1382 1013 1470; baseline 0.001 -21"><span class='ocrx_word' id='word_1_57' title='bbox 224 1387 298 1450; x_wconf 80' lang='lat' dir='ltr'>‘usu</span> <span class='ocrx_word' id='word_1_58' title='bbox 322 1384 436 1450; x_wconf 89' lang='lat' dir='ltr'>crescit</span> <span class='ocrx_word' id='word_1_59' title='bbox 459 1406 549 1449; x_wconf 88' lang='lat' dir='ltr'>amor</span> <span class='ocrx_word' id='word_1_60' title='bbox 573 1383 692 1468; x_wconf 88' lang='lat' dir='ltr'>omnis,</span> <span class='ocrx_word' id='word_1_61' title='bbox 717 1382 873 1448; x_wconf 73' lang='lat' dir='ltr'>decrescit</span> <span class='ocrx_word' id='word_1_62' title='bbox 896 1385 1013 1470; x_wconf 90' lang='lat' dir='ltr'>abusu,</span> 
     </span>
     <span class='ocr_line' id='line_1_14' title="bbox 156 1472 945 1627; baseline 0 -89"><span class='ocrx_word' id='word_1_63' title='bbox 156 1559 222 1626; x_wconf 65' lang='lat' dir='ltr'>Md</span> <span class='ocrx_word' id='word_1_64' title='bbox 250 1474 373 1627; x_wconf 41' lang='lat' dir='ltr'>3{rimis</span> <span class='ocrx_word' id='word_1_65' title='bbox 396 1477 428 1538; x_wconf 84' lang='lat' dir='ltr'>et</span> <span class='ocrx_word' id='word_1_66' title='bbox 451 1473 610 1558; x_wconf 90' lang='lat' dir='ltr'>impastus</span> <span class='ocrx_word' id='word_1_67' title='bbox 634 1476 821 1537; x_wconf 88' lang='lat' dir='ltr'>attenuatur</span> <span class='ocrx_word' id='word_1_68' title='bbox 844 1472 945 1538; x_wconf 87' lang='lat' dir='ltr'>amor&#39;</span> 
     </span>
     <span class='ocr_line' id='line_1_15' title="bbox 226 1649 1020 1734; baseline 0 -20"><span class='ocrx_word' id='word_1_69' title='bbox 226 1649 352 1715; x_wconf 78' lang='lat' dir='ltr'>‘crescit</span> <span class='ocrx_word' id='word_1_70' title='bbox 374 1672 478 1734; x_wconf 89' lang='lat' dir='ltr'>amor,</span> <span class='ocrx_word' id='word_1_71' title='bbox 502 1671 565 1734; x_wconf 94' lang='lat' dir='ltr'>quo</span> <span class='ocrx_word' id='word_1_72' title='bbox 589 1649 665 1734; x_wconf 90' lang='lat' dir='ltr'>plus</span> <span class='ocrx_word' id='word_1_73' title='bbox 688 1651 875 1714; x_wconf 89' lang='lat' dir='ltr'>attenuatur</span> <span class='ocrx_word' id='word_1_74' title='bbox 898 1649 1020 1714; x_wconf 89' lang='lat' dir='ltr'>amans&#39;</span> 
     </span>
    </p>
   </div>
   <div class='ocr_carea' id='block_1_6' title="bbox 153 1825 876 2070">
    <p class='ocr_par' dir='ltr' id='par_1_9' title="bbox 153 1825 876 2070">
     <span class='ocr_line' id='line_1_16' title="bbox 153 1825 455 1912; baseline 0.003 -20"><span class='ocrx_word' id='word_1_75' title='bbox 153 1827 291 1911; x_wconf 88' lang='lat' dir='ltr'>Pamph.</span> <span class='ocrx_word' id='word_1_76' title='bbox 309 1825 394 1912; x_wconf 83' lang='lat' dir='ltr'>XIX,</span> <span class='ocrx_word' id='word_1_77' title='bbox 412 1829 455 1893; x_wconf 79' lang='lat'>26</span> 
     </span>
     <span class='ocr_line' id='line_1_17' title="bbox 154 1915 876 2070; baseline -0.003 -89"><span class='ocrx_word' id='word_1_78' title='bbox 154 1916 289 2070; x_wconf 39' lang='lat' dir='ltr'>Ald‘hiig</span> <span class='ocrx_word' id='word_1_79' title='bbox 309 1915 399 1981; x_wconf 85' lang='lat' dir='ltr'>venit</span> <span class='ocrx_word' id='word_1_80' title='bbox 422 1938 441 1980; x_wconf 91' lang='lat' dir='ltr'>a</span> <span class='ocrx_word' id='word_1_81' title='bbox 464 1915 533 1981; x_wconf 89' lang='lat' dir='ltr'>sola</span> <span class='ocrx_word' id='word_1_82' title='bbox 555 1915 737 1982; x_wconf 70' lang='lat' dir='ltr'>rusticitate</span> <span class='ocrx_word' id='word_1_83' title='bbox 760 1915 876 1999; x_wconf 88' lang='lat' dir='ltr'>pudor&#39;</span> 
     </span>
    </p>
   </div>
   <div class='ocr_carea' id='block_1_7' title="bbox 223 2091 945 2176">
    <p class='ocr_par' dir='ltr' id='par_1_10' title="bbox 223 2091 945 2176">
     <span class='ocr_line' id='line_1_18' title="bbox 223 2091 945 2176; baseline 0 -19"><span class='ocrx_word' id='word_1_84' title='bbox 223 2093 309 2157; x_wconf 76' lang='lat' dir='ltr'>‘nam</span> <span class='ocrx_word' id='word_1_85' title='bbox 332 2092 421 2158; x_wconf 86' lang='lat' dir='ltr'>venit</span> <span class='ocrx_word' id='word_1_86' title='bbox 445 2114 485 2157; x_wconf 86' lang='lat' dir='ltr'>ex</span> <span class='ocrx_word' id='word_1_87' title='bbox 509 2091 578 2158; x_wconf 89' lang='lat' dir='ltr'>sola</span> <span class='ocrx_word' id='word_1_88' title='bbox 601 2091 818 2176; x_wconf 85' lang='lat' dir='ltr'>prosperitate</span> <span class='ocrx_word' id='word_1_89' title='bbox 843 2091 945 2157; x_wconf 91' lang='lat' dir='ltr'>dolor’</span> 
     </span>
    </p>
   </div>
   <div class='ocr_carea' id='block_1_8' title="bbox 155 2268 1173 3046">
    <p class='ocr_par' dir='ltr' id='par_1_11' title="bbox 155 2268 469 2355">
     <span class='ocr_line' id='line_1_19' title="bbox 155 2268 469 2355; baseline 0 -20"><span class='ocrx_word' id='word_1_90' title='bbox 155 2270 291 2355; x_wconf 83' lang='lat' dir='ltr'>Pamph.</span> <span class='ocrx_word' id='word_1_91' title='bbox 309 2268 407 2355; x_wconf 80' lang='lat' dir='ltr'>LVII,</span> <span class='ocrx_word' id='word_1_92' title='bbox 428 2271 469 2335; x_wconf 87' lang='grc'>16</span> 
     </span>
    </p>

    <p class='ocr_par' dir='ltr' id='par_1_12' title="bbox 224 2357 891 2442">
     <span class='ocr_line' id='line_1_20' title="bbox 224 2357 891 2442; baseline 0.003 -20"><span class='ocrx_word' id='word_1_93' title='bbox 224 2359 301 2424; x_wconf 87' lang='lat' dir='ltr'>‘non</span> <span class='ocrx_word' id='word_1_94' title='bbox 323 2381 395 2422; x_wconf 90' lang='lat' dir='ltr'>mea</span> <span class='ocrx_word' id='word_1_95' title='bbox 418 2358 514 2442; x_wconf 90' lang='lat' dir='ltr'>culpa</span> <span class='ocrx_word' id='word_1_96' title='bbox 537 2357 611 2423; x_wconf 88' lang='lat' dir='ltr'>fuit&#39;</span> <span class='ocrx_word' id='word_1_97' title='bbox 627 2391 669 2412; x_wconf 93' lang='lat'>=</span> <span class='ocrx_word' id='word_1_98' title='bbox 683 2357 756 2423; x_wconf 85' lang='lat' dir='ltr'>Ald.</span> <span class='ocrx_word' id='word_1_99' title='bbox 775 2360 828 2424; x_wconf 77' lang='lat'>26.</span> <span class='ocrx_word' id='word_1_100' title='bbox 851 2358 891 2424; x_wconf 89' lang='lat' dir='ltr'>al.</span> 
     </span>
    </p>

    <p class='ocr_par' dir='ltr' id='par_1_13' title="bbox 155 2447 1173 2799">
     <span class='ocr_line' id='line_1_21' title="bbox 244 2447 1173 2533; baseline 0.002 -21"><span class='ocrx_word' id='word_1_101' title='bbox 244 2447 365 2532; x_wconf 86' lang='lat' dir='ltr'>Lydiae</span> <span class='ocrx_word' id='word_1_102' title='bbox 388 2447 570 2512; x_wconf 90' lang='lat' dir='ltr'>comoediae</span> <span class='ocrx_word' id='word_1_103' title='bbox 593 2451 723 2533; x_wconf 88' lang='lat' dir='ltr'>tempus</span> <span class='ocrx_word' id='word_1_104' title='bbox 747 2470 764 2512; x_wconf 89' lang='lat' dir='ltr'>c</span> <span class='ocrx_word' id='word_1_105' title='bbox 786 2447 992 2532; x_wconf 88' lang='lat' dir='ltr'>necessitate,</span> <span class='ocrx_word' id='word_1_106' title='bbox 1016 2469 1173 2532; x_wconf 89' lang='lat' dir='ltr'>quacum</span> 
     </span>
     <span class='ocr_line' id='line_1_22' title="bbox 155 2534 1173 2622; baseline 0.003 -23"><span class='ocrx_word' id='word_1_107' title='bbox 155 2534 239 2600; x_wconf 83' lang='lat' dir='ltr'>Alda</span> <span class='ocrx_word' id='word_1_108' title='bbox 263 2537 426 2620; x_wconf 81' lang='lat' dir='ltr'>cohaeret,</span> <span class='ocrx_word' id='word_1_109' title='bbox 448 2537 585 2602; x_wconf 88' lang='lat' dir='ltr'>fortasse</span> <span class='ocrx_word' id='word_1_110' title='bbox 605 2536 785 2602; x_wconf 87' lang='lat' dir='ltr'>accuratius</span> <span class='ocrx_word' id='word_1_111' title='bbox 804 2536 961 2622; x_wconf 85' lang='lat' dir='ltr'>distingui</span> <span class='ocrx_word' id='word_1_112' title='bbox 979 2541 1097 2620; x_wconf 89' lang='lat' dir='ltr'>potest.</span> <span class='ocrx_word' id='word_1_113' title='bbox 1134 2537 1173 2602; x_wconf 91' lang='lat' dir='ltr'>In</span> 
     </span>
     <span class='ocr_line' id='line_1_23' title="bbox 155 2624 1173 2710; baseline 0.002 -21"><span class='ocrx_word' id='word_1_114' title='bbox 155 2624 270 2708; x_wconf 91' lang='lat' dir='ltr'>primis</span> <span class='ocrx_word' id='word_1_115' title='bbox 289 2624 418 2710; x_wconf 86' lang='lat' dir='ltr'>prologi</span> <span class='ocrx_word' id='word_1_116' title='bbox 431 2624 579 2691; x_wconf 84' lang='lat' dir='ltr'>versibus</span> <span class='ocrx_word' id='word_1_117' title='bbox 594 2629 706 2690; x_wconf 88' lang='lat' dir='ltr'>auctor</span> <span class='ocrx_word' id='word_1_118' title='bbox 720 2625 760 2689; x_wconf 91' lang='lat' dir='ltr'>ad</span> <span class='ocrx_word' id='word_1_119' title='bbox 773 2624 971 2690; x_wconf 89' lang='lat' dir='ltr'>comoediam</span> <span class='ocrx_word' id='word_1_120' title='bbox 985 2647 1004 2689; x_wconf 90' lang='lat' dir='ltr'>a</span> <span class='ocrx_word' id='word_1_121' title='bbox 1018 2648 1052 2690; x_wconf 88' lang='lat' dir='ltr'>se</span> <span class='ocrx_word' id='word_1_122' title='bbox 1067 2625 1173 2710; x_wconf 89' lang='lat' dir='ltr'>primo</span> 
     </span>
     <span class='ocr_line' id='line_1_24' title="bbox 155 2713 746 2799; baseline 0.003 -22"><span class='ocrx_word' id='word_1_123' title='bbox 155 2713 226 2778; x_wconf 92' lang='lat' dir='ltr'>loco</span> <span class='ocrx_word' id='word_1_124' title='bbox 251 2714 370 2778; x_wconf 90' lang='lat' dir='ltr'>editam</span> <span class='ocrx_word' id='word_1_125' title='bbox 393 2713 539 2799; x_wconf 89' lang='lat' dir='ltr'>respicit,</span> <span class='ocrx_word' id='word_1_126' title='bbox 564 2715 602 2779; x_wconf 86' lang='lat' dir='ltr'>cf.</span> <span class='ocrx_word' id='word_1_127' title='bbox 626 2714 746 2798; x_wconf 79' lang='lat' dir='ltr'>proli</span> 
     </span>
    </p>

    <p class='ocr_par' dir='ltr' id='par_1_14' title="bbox 156 2802 1173 3046">
     <span class='ocr_line' id='line_1_25' title="bbox 224 2802 1124 2888; baseline 0.002 -22"><span class='ocrx_word' id='word_1_128' title='bbox 224 2802 410 2886; x_wconf 80' lang='lat' dir='ltr'>‘postquam</span> <span class='ocrx_word' id='word_1_129' title='bbox 432 2802 539 2886; x_wconf 91' lang='lat' dir='ltr'>prima</span> <span class='ocrx_word' id='word_1_130' title='bbox 562 2803 681 2888; x_wconf 91' lang='lat' dir='ltr'>equitis</span> <span class='ocrx_word' id='word_1_131' title='bbox 703 2802 845 2867; x_wconf 90' lang='lat' dir='ltr'>ludentis</span> <span class='ocrx_word' id='word_1_132' title='bbox 868 2806 1016 2886; x_wconf 89' lang='lat' dir='ltr'>tempora</span> <span class='ocrx_word' id='word_1_133' title='bbox 1038 2803 1124 2888; x_wconf 91' lang='lat' dir='ltr'>risit,</span> 
     </span>
     <span class='ocr_line' id='line_1_26' title="bbox 267 2891 1046 2976; baseline 0.001 -21"><span class='ocrx_word' id='word_1_134' title='bbox 267 2914 343 2956; x_wconf 86' lang='lat' dir='ltr'>mox</span> <span class='ocrx_word' id='word_1_135' title='bbox 367 2892 454 2955; x_wconf 89' lang='lat' dir='ltr'>acuit</span> <span class='ocrx_word' id='word_1_136' title='bbox 476 2895 618 2956; x_wconf 89' lang='lat' dir='ltr'>mentem</span> <span class='ocrx_word' id='word_1_137' title='bbox 641 2912 733 2956; x_wconf 90' lang='lat' dir='ltr'>musa</span> <span class='ocrx_word' id='word_1_138' title='bbox 756 2891 894 2956; x_wconf 87' lang='lat' dir='ltr'>secunda</span> <span class='ocrx_word' id='word_1_139' title='bbox 916 2892 1046 2976; x_wconf 88' lang='lat' dir='ltr'>meam,&#39;</span> 
     </span>
     <span class='ocr_line' id='line_1_27' title="bbox 156 2979 1173 3046; baseline 0.003 -4"><span class='ocrx_word' id='word_1_140' title='bbox 156 2979 245 3044; x_wconf 91' lang='lat' dir='ltr'>cuius</span> <span class='ocrx_word' id='word_1_141' title='bbox 269 2980 315 3045; x_wconf 89' lang='lat' dir='ltr'>rei</span> <span class='ocrx_word' id='word_1_142' title='bbox 338 2980 483 3046; x_wconf 88' lang='lat' dir='ltr'>imitator</span> <span class='ocrx_word' id='word_1_143' title='bbox 506 2983 555 3045; x_wconf 90' lang='lat' dir='ltr'>est</span> <span class='ocrx_word' id='word_1_144' title='bbox 574 2979 752 3046; x_wconf 77' lang='lat' dir='ltr'>Guilelmus</span> <span class='ocrx_word' id='word_1_145' title='bbox 769 2979 932 3046; x_wconf 89' lang='lat' dir='ltr'>Blesensis</span> <span class='ocrx_word' id='word_1_146' title='bbox 952 2980 987 3046; x_wconf 90' lang='lat' dir='ltr'>in</span> <span class='ocrx_word' id='word_1_147' title='bbox 1005 2980 1099 3046; x_wconf 91' lang='lat' dir='ltr'>initio</span> <span class='ocrx_word' id='word_1_148' title='bbox 1118 2979 1173 3045; x_wconf 85' lang='lat' dir='ltr'>Al·</span> 
     </span>
    </p>
   </div>
   <div class='ocr_carea' id='block_1_9' title="bbox 154 3189 1173 3688">
    <p class='ocr_par' dir='ltr' id='par_1_15' title="bbox 154 3189 1173 3688">
     <span class='ocr_line' id='line_1_28' title="bbox 230 3189 1172 3259; baseline 0.003 -16"><span class='ocrx_word' id='word_1_149' title='bbox 230 3193 255 3259; x_wconf 89' lang='lat'>1)</span> <span class='ocrx_word' id='word_1_150' title='bbox 274 3191 412 3246; x_wconf 90' lang='lat' dir='ltr'>Numeros</span> <span class='ocrx_word' id='word_1_151' title='bbox 432 3189 518 3245; x_wconf 86' lang='lat' dir='ltr'>attuli</span> <span class='ocrx_word' id='word_1_152' title='bbox 536 3189 668 3245; x_wconf 86' lang='lat' dir='ltr'>editionis</span> <span class='ocrx_word' id='word_1_153' title='bbox 688 3190 891 3246; x_wconf 82' lang='lat' dir='ltr'>Goldactianae</span> <span class='ocrx_word' id='word_1_154' title='bbox 909 3190 940 3244; x_wconf 91' lang='lat' dir='ltr'>in</span> <span class='ocrx_word' id='word_1_155' title='bbox 960 3189 1067 3246; x_wconf 79' lang='lat' dir='ltr'>‘Ovidii</span> <span class='ocrx_word' id='word_1_156' title='bbox 1080 3190 1172 3246; x_wconf 83' lang='lat' dir='ltr'>Naso-</span> 
     </span>
     <span class='ocr_line' id='line_1_29' title="bbox 155 3260 1172 3333; baseline 0.002 -19"><span class='ocrx_word' id='word_1_157' title='bbox 155 3261 200 3314; x_wconf 88' lang='lat' dir='ltr'>nis</span> <span class='ocrx_word' id='word_1_158' title='bbox 218 3260 395 3332; x_wconf 78' lang='lat' dir='ltr'>Pelignensic</span> <span class='ocrx_word' id='word_1_159' title='bbox 415 3261 509 3316; x_wconf 88' lang='lat' dir='ltr'>erotic.</span> <span class='ocrx_word' id='word_1_160' title='bbox 526 3263 555 3316; x_wconf 92' lang='lat' dir='ltr'>et</span> <span class='ocrx_word' id='word_1_161' title='bbox 573 3263 690 3316; x_wconf 87' lang='lat' dir='ltr'>amator.</span> <span class='ocrx_word' id='word_1_162' title='bbox 704 3261 842 3333; x_wconf 65' lang='lat' dir='ltr'>opuscul!</span> <span class='ocrx_word' id='word_1_163' title='bbox 859 3260 988 3318; x_wconf 81' lang='lat' dir='ltr'>Francos.</span> <span class='ocrx_word' id='word_1_164' title='bbox 1009 3266 1086 3331; x_wconf 82' lang='lat'>1610,</span> <span class='ocrx_word' id='word_1_165' title='bbox 1104 3278 1172 3332; x_wconf 83' lang='lat' dir='ltr'>pag.</span> 
     </span>
     <span class='ocr_line' id='line_1_30' title="bbox 157 3331 1171 3402; baseline 0.002 -16"><span class='ocrx_word' id='word_1_166' title='bbox 157 3338 266 3402; x_wconf 71' lang='lat' dir='ltr'>iteqq,</span> <span class='ocrx_word' id='word_1_167' title='bbox 285 3331 419 3388; x_wconf 84' lang='lat' dir='ltr'>editionis</span> <span class='ocrx_word' id='word_1_168' title='bbox 437 3332 669 3388; x_wconf 86' lang='lat' dir='ltr'>Beudouinianae</span> <span class='ocrx_word' id='word_1_169' title='bbox 688 3335 754 3388; x_wconf 87' lang='lat' dir='ltr'>sunt</span> <span class='ocrx_word' id='word_1_170' title='bbox 771 3349 868 3388; x_wconf 83' lang='lat' dir='ltr'>versus</span> <span class='ocrx_word' id='word_1_171' title='bbox 887 3338 929 3402; x_wconf 81' lang='lat'>78,</span> <span class='ocrx_word' id='word_1_172' title='bbox 950 3339 1011 3401; x_wconf 75' lang='lat'>259,</span> <span class='ocrx_word' id='word_1_173' title='bbox 1029 3337 1090 3402; x_wconf 79' lang='lat'>380,</span> <span class='ocrx_word' id='word_1_174' title='bbox 1110 3338 1171 3388; x_wconf 81' lang='lat'>⁷04.</span> 
     </span>
     <span class='ocr_line' id='line_1_31' title="bbox 156 3400 1171 3475; baseline 0.002 -19"><span class='ocrx_word' id='word_1_175' title='bbox 156 3400 286 3457; x_wconf 80' lang='lat' dir='ltr'>Ceterum</span> <span class='ocrx_word' id='word_1_176' title='bbox 308 3403 339 3456; x_wconf 93' lang='lat' dir='ltr'>in</span> <span class='ocrx_word' id='word_1_177' title='bbox 361 3403 445 3458; x_wconf 84' lang='lat' dir='ltr'>huius</span> <span class='ocrx_word' id='word_1_178' title='bbox 469 3404 602 3459; x_wconf 83' lang='lat' dir='ltr'>editionis</span> <span class='ocrx_word' id='word_1_179' title='bbox 626 3404 781 3475; x_wconf 87' lang='lat' dir='ltr'>exemplari</span> <span class='ocrx_word' id='word_1_180' title='bbox 803 3402 995 3459; x_wconf 86' lang='lat' dir='ltr'>bibliothecae</span> <span class='ocrx_word' id='word_1_181' title='bbox 1013 3403 1171 3460; x_wconf 83' lang='lat' dir='ltr'>Bonnencis</span> 
     </span>
     <span class='ocr_line' id='line_1_32' title="bbox 154 3473 1170 3546; baseline 0.001 -18"><span class='ocrx_word' id='word_1_182' title='bbox 154 3474 265 3529; x_wconf 83' lang='lat' dir='ltr'>variam</span> <span class='ocrx_word' id='word_1_183' title='bbox 281 3473 434 3530; x_wconf 91' lang='lat' dir='ltr'>lectionem</span> <span class='ocrx_word' id='word_1_184' title='bbox 452 3475 559 3530; x_wconf 87' lang='lat' dir='ltr'>adiecit</span> <span class='ocrx_word' id='word_1_185' title='bbox 576 3476 721 3546; x_wconf 84' lang='lat' dir='ltr'>Augustus</span> <span class='ocrx_word' id='word_1_186' title='bbox 741 3475 862 3544; x_wconf 85' lang='lat' dir='ltr'>Schelcr,</span> <span class='ocrx_word' id='word_1_187' title='bbox 882 3474 979 3530; x_wconf 86' lang='lat' dir='ltr'>omisit</span> <span class='ocrx_word' id='word_1_188' title='bbox 996 3476 1092 3532; x_wconf 87' lang='lat' dir='ltr'>tamen</span> <span class='ocrx_word' id='word_1_189' title='bbox 1115 3475 1170 3546; x_wconf 83' lang='lat' dir='ltr'>sig-</span> 
     </span>
     <span class='ocr_line' id='line_1_33' title="bbox 154 3544 1173 3617; baseline 0.003 -19"><span class='ocrx_word' id='word_1_190' title='bbox 154 3548 286 3601; x_wconf 86' lang='lat' dir='ltr'>naturam</span> <span class='ocrx_word' id='word_1_191' title='bbox 310 3544 428 3616; x_wconf 84' lang='lat' dir='ltr'>codicis‚</span> <span class='ocrx_word' id='word_1_192' title='bbox 452 3546 501 3615; x_wconf 90' lang='lat' dir='ltr'>qui</span> <span class='ocrx_word' id='word_1_193' title='bbox 520 3546 608 3602; x_wconf 86' lang='lat' dir='ltr'>habet</span> <span class='ocrx_word' id='word_1_194' title='bbox 626 3563 738 3602; x_wconf 86' lang='lat' dir='ltr'>versum</span> <span class='ocrx_word' id='word_1_195' title='bbox 757 3546 882 3603; x_wconf 81' lang='lat' dir='ltr'>finalem:</span> <span class='ocrx_word' id='word_1_196' title='bbox 909 3545 1009 3602; x_wconf 74' lang='lat' dir='ltr'>‘Detur</span> <span class='ocrx_word' id='word_1_197' title='bbox 1026 3564 1077 3617; x_wconf 89' lang='lat' dir='ltr'>pro</span> <span class='ocrx_word' id='word_1_198' title='bbox 1096 3563 1173 3616; x_wconf 88' lang='lat' dir='ltr'>pena</span> 
     </span>
     <span class='ocr_line' id='line_1_34' title="bbox 156 3615 558 3688; baseline 0.01 -20"><span class='ocrx_word' id='word_1_199' title='bbox 156 3615 285 3686; x_wconf 84' lang='lat' dir='ltr'>scriptori</span> <span class='ocrx_word' id='word_1_200' title='bbox 304 3617 403 3688; x_wconf 87' lang='lat' dir='ltr'>pulcra</span> <span class='ocrx_word' id='word_1_201' title='bbox 420 3618 558 3688; x_wconf 83' lang='lat' dir='ltr'>puella’.¹</span> 
     </span>
    </p>
   </div>
   <div class='ocr_carea' id='block_1_10' title="bbox 0 0 1347 4052">
    <p class='ocr_par' dir='ltr' id='par_1_16' title="bbox 0 0 1347 4052">
     <span class='ocr_line' id='line_1_35' title="bbox 0 0 1347 4052; baseline 0 0"><span class='ocrx_word' id='word_1_202' title='bbox 0 0 1347 4052; x_wconf 95' lang='lat' dir='ltr'> </span> 
     </span>
    </p>
   </div>
  </div>
 </body>
</html>
