2672 4052
602 206 821 271 ..30-

151 384 191 427 666
204 388 263 431 neo
285 365 368 430 later
391 365 513 450 absque
535 364 606 430 luto
629 387 688 430 nec
711 387 843 450 serpens
866 366 988 450 absque
1011 387 1133 430 veneno

249 453 335 519 ullus
359 453 434 539 erit,
456 475 515 520 nec
538 453 583 519 fel
605 454 727 538 absque
750 476 865 539 sapore
888 477 960 539 su03

204 564 263 608 nec
285 541 401 608 vitium
425 564 593 608 commune
616 547 725 627 potest
748 543 908 608 dediscere
931 564 1027 608 sexus

249 631 420 716 femineus,
442 654 502 697 nec
525 631 586 697 erit
609 631 729 698 femina
752 636 839 696 casta
862 631 925 696 diu.

204 742 271 786 non
295 725 343 786 est
366 720 502 787 ulterius
525 720 675 785 sociande
697 720 807 805 puella
829 720 961 806 puellis,

152 829 192 870 666
250 809 389 874 fabricat
412 810 483 894 ipsa
506 809 570 874 sibi
593 809 632 873 de
656 809 789 875 muliere
812 829 940 874 marem.

206 898 390 982 exemplum
413 921 510 982 super
533 898 594 962 hoo
618 898 741 963 cunctis
765 896 986 984 memorabile,
1009 902 1138 964 nostrae

249 985 385 1073 virginis
408 986 557 1071 implevit
580 986 722 1052 mascula
745 987 837 1074 virgo
861 987 959 1052 sinus.

205 1075 312 1140 nescio
337 1075 410 1160 quis
433 1076 549 1140 mulier
571 1076 622 1140 vel
646 1098 728 1161 quae
751 1076 801 1141 vir
824 1077 948 1161 quodve
971 1081 1123 1141 neutrum

249 1164 287 1229 fit
310 1164 390 1228 mihi
414 1187 472 1230 seu
494 1186 625 1251 genera,
648 1163 771 1249 nescio,
794 1165 861 1230 sive
884 1187 990 1252 gener.

152 1271 193 1314 666
206 1274 265 1317 nec
288 1275 443 1339 generum
468 1257 642 1337 expectens
665 1275 746 1318 sexu
767 1253 848 1318 mihi
872 1254 910 1318 de
933 1252 1084 1319 muliebri

249 1363 315 1406 non
339 1346 507 1426 expectato
530 1342 647 1406 vulnus
670 1343 711 1406 ab
736 1342 829 1408 hoste
852 1342 934 1407 tuli'

206 1429 334 1517 singula
356 1431 442 1496 fama
464 1430 584 1516 loquax
607 1431 735 1516 excepit
758 1432 799 1496 ab
824 1453 879 1497 ore
901 1430 1064 1516 loquentis

250 1519 422 1584 infundens
446 1519 569 1584 bibulis
592 1520 726 1585 auribus
748 1519 840 1585 urbis
863 1542 913 1606 ca3

206 1607 337 1692 impetit
360 1612 393 1672 et
415 1608 506 1674 falsis
529 1609 714 1675 inhonestat
737 1611 823 1674 fama
846 1631 988 1675 sororem

152 1715 193 1758 666
252 1695 368 1780 Pyrrhi
392 1697 582 1762 criminibus
606 1698 853 1783 semivirumque
876 1702 978 1764 vocat.

207 1806 347 1850 errorem
370 1785 473 1850 famae
496 1786 640 1869 Pyrrhus
663 1786 799 1871 falsique
824 1787 926 1852 sorori

251 1872 394 1939 criminis
418 1874 591 1959 ascriptam
615 1879 758 1940 senserat
782 1897 850 1940 esse
873 1879 997 1960 notam;

206 2018 419 2028 ------..,

279 2108 331 2157 646
349 2118 401 2157 neo
420 2102 476 2159 mel
544 2108 596 2158 649
615 2103 727 2172 puellae
797 2108 847 2159 666
863 2103 933 2160 mihi
952 2119 1018 2161 sexu
1037 2103 1071 2160 de
1085 2101 1218 2158 muliebri
1301 2116 1303 2131 ¹

278 2178 330 2228 660
350 2175 432 2228 notat
505 2179 554 2232 661
576 2190 699 2230 sororem

279 2390 331 2440 646
349 2387 432 2442 verba
442 2401 563 2442 666666
582 2403 615 2442 ue
625 2391 737 2442 648666
747 2403 797 2442 om.
812 2385 859 2443 ΗΖ
875 2387 959 2443 Troil.
976 2419 1008 2429 -
1023 2394 1076 2444 646
1087 2388 1217 2461 ulterius]

208 2456 289 2510 crede
303 2454 374 2510 mihi
389 2457 399 2511 l
414 2487 446 2497 -
461 2404 581 2528 puellisl
591 2457 703 2526 puellae
720 2458 751 2511 X
767 2488 804 2499 —
822 2463 874 2514 660
893 2458 1011 2530 marem]
1029 2457 1121 2514 virum
1135 2465 1149 2514 1
1161 2478 1219 2516 ma·

207 2543 267 2581 rem
281 2527 316 2582 H
331 2527 423 2582 virum
441 2529 451 2583 l
472 2557 502 2568 —
523 2532 574 2583 663
593 2528 688 2583 nescio
703 2528 766 2597 quis
781 2527 881 2584 mulier
893 2530 940 2584 vel
959 2546 1031 2599 quae
1049 2531 1105 2604 vir]
1125 2532 1217 2587 neseio

208 2613 280 2666 quae
299 2597 401 2653 mulier
418 2598 464 2654 vel
478 2597 532 2668 'qui
549 2598 593 2654 vir
613 2600 687 2654 XM
714 2630 749 2641 -
777 2605 829 2656 666
847 2616 899 2655 neo
918 2602 1064 2683 generum]
1088 2619 1155 2657 nam
1173 2619 1219 2672 ge·

208 2684 306 2722 nerum
325 2670 355 2724 X
372 2685 429 2725 non
447 2686 581 2740 generum
597 2671 634 2725 Μ
652 2701 685 2712 -
705 2686 773 2726 sexu
791 2669 874 2743 mihi]
893 2672 964 2727 mihi
983 2689 1051 2728 sexu
1067 2674 1098 2727 X
1114 2704 1148 2714 -
1168 2679 1218 2728 666

208 2755 265 2865 agn
279 2741 441 2882 6ῗρ666666]
454 2757 507 2866 {gc
522 2743 669 2812 expectato
684 2743 700 2798 b
720 2773 752 2784 -—
772 2747 825 2798 660
840 2743 933 2815 vocet]
948 2746 1052 2800 vocant
1065 2743 1099 2798 Η
1114 2773 1147 2784 -
1167 2747 1215 2798 661

210 2828 222 2864 6
244 2827 299 2865 rorr
333 2827 435 2867 sororis

208 2939 420 2948 ——--.

281 3022 511 3096 assumserit]
536 3041 597 3080 6666
616 3029 712 3095 potest
735 3027 775 3084 W
799 3057 832 3067 -
860 3026 929 3099 mel]
948 3025 988 3083 fel
1011 3028 1082 3084 WP
1108 3061 1140 3070 -
1170 3031 1221 3084 647

386 3094 554 3151 l'commune
577 3099 672 3166 potest
692 3098 761 3168 (cast)

209 3166 368 3237 commune]
392 3182 493 3222 causae
511 3166 618 3237 poterit
789 3168 827 3222 W
852 3185 998 3225 commune
1026 3168 1132 3240 poterit
1165 3169 1203 3223 W
1205 3185 1219 3222 r
1303 3159 1304 3222 i

210 3237 488 3360 oausaefpoteritlli
512 3271 543 3279 -
575 3244 625 3296 666
645 3239 767 3311 quodve]
787 3240 862 3308 quod
880 3240 920 3297 W
934 3239 1038 3310 quidve
1052 3241 1079 3294 L
1106 3270 1139 3282 -
1169 3243 1218 3292 667

209 3378 297 3449 fama]
316 3311 482 3448 fdilulalm')
512 3379 550 3435 W
586 3411 617 3422 —
654 3386 707 3437 660
740 3380 968 3454 semivirumque]
1007 3378 1218 3446 semivirumque

213 3447 240 3503 V
257 3480 301 3511 ,-
334 3452 428 3523 notat]
460 3453 544 3508 vocat
575 3452 716 3508 LWrM
745 3484 779 3494 -
812 3458 863 3508 661
897 3452 1032 3524 sororem]
1070 3447 1158 3505 sorori
1198 3447 1224 3504 V

210 3520 332 3615 sorolellr
343 3557 370 3612 L
