2672 4052
537 249 756 312 „17-

138 436 227 478 mam
245 416 278 476 ct
297 408 439 493 speciem
455 407 622 492 habuisse,
640 412 678 472 ut
695 407 772 472 novi
791 407 935 472 comoedi
954 407 974 472 i.
994 429 1019 472 e.
1039 414 1155 493 poetae

140 501 268 584 comici,
288 496 392 584 qualis
412 500 480 562 erat
495 495 686 580 Guilelmus,
706 496 849 561 studium
863 496 893 561 ei
907 495 1052 581 impendi
1072 521 1155 583 opus

139 595 234 656 esset.
271 587 309 652 In
331 586 478 652 versibus
501 585 557 669 qui
581 589 734 649 secuntur
760 606 851 649 suam
875 585 909 649 in
936 590 1028 652 tanto
1057 609 1155 671 opere

141 677 364 744 infirmitatem
382 678 479 759 poeta
499 673 645 758 queritur
663 675 824 757 finemque
842 675 921 739 facit
940 676 1121 741 excusando
1131 673 1155 761 ¹)

140 766 275 832 nimiam
298 763 448 829 carminis
470 762 685 827 lascivitatem
707 785 735 826 v.
756 765 799 828 25

187 854 340 919 ‘inveniet
361 851 480 917 lasciva
502 850 600 916 nimis
622 850 686 916 sibi
709 851 808 916 verba
831 851 967 935 pudicus

252 944 366 1026 lector3
389 940 556 1025 materiae,
578 962 644 1004 non
666 959 738 1004 mea
761 940 856 1024 culpa
879 941 962 1005 fuit'.

141 1031 321 1098 Guilelmus
344 1029 446 1117 igitur
468 1030 504 1093 in
527 1027 696 1094 scribenda
718 1029 883 1094 comoedia
910 1029 1060 1094 adhibuit
1085 1053 1156 1095 nar-

140 1121 300 1187 rationem
328 1141 425 1204 prosa
452 1117 597 1183 oratione
620 1117 846 1202 compositam,
874 1140 956 1202 quae
983 1118 1018 1182 in
1040 1119 1156 1203 populi

139 1233 195 1275 ore
223 1204 446 1294 versabatur²)
479 1210 512 1271 et
540 1210 714 1291 propterca
745 1206 884 1272 multum
911 1207 1010 1291 pretii
1037 1208 1156 1291 prioris

140 1299 301 1363 amiserat.
338 1296 483 1361 Titulum
502 1300 624 1378 autem,
648 1317 843 1380 quamquam
862 1317 879 1359 e
898 1318 1014 1382 graeco
1033 1297 1068 1361 in
1085 1296 1156 1361 lati-

140 1409 221 1452 num
242 1385 400 1450 translata
428 1389 509 1468 erat,
536 1385 670 1448 tenebat
698 1407 849 1470 graecum
877 1389 909 1449 ct
937 1385 1079 1451 auctoris
1101 1408 1156 1450 no-

141 1497 218 1538 men
240 1478 356 1558 poetae
380 1473 494 1559 graeci.
694 1539 696 1543 ,

232 1561 321 1626 Inter
339 1560 506 1625 Menandri
525 1561 706 1627 comoedias
724 1562 823 1626 fuisse
838 1566 966 1627 constat
980 1583 1086 1645 unam,
1105 1562 1156 1627 cui

141 1654 227 1716 esset
255 1649 372 1714 titulus
402 1649 609 1736 ἀνδρόγυνος
640 1649 660 1734 ἢ
694 1653 799 1737 Κρής;
830 1651 887 1715 sed
913 1655 1042 1734 praeter
1072 1651 1156 1738 frag-

141 1744 252 1805 menta
283 1738 453 1823 nonnulla,
486 1760 568 1823 quae
600 1739 732 1826 collegit
763 1739 936 1804 novissime
969 1740 1157 1806 Theodorus

140 1829 235 1894 Koch
254 1827 289 1892 in
307 1850 386 1892 com.
406 1831 463 1892 att.
482 1828 520 1892 fr.
540 1833 617 1893 tom.
636 1826 695 1914 III,
713 1828 797 1892 nihil
815 1834 977 1894 servatum
1000 1834 1058 1894 est.
1095 1829 1156 1894 Ita-

142 2055 871 2196 ΜωῗέῩΣΪθέἭηέἓίἒἭἕέἱῗὲῖᾙῃῗῗέἒῖἶ
884 2056 1157 2197 {attuatii

91 2243 95 2246 .
144 2196 221 2266 cepit
238 2195 342 2252 Auson.
357 2199 430 2252 cent.
444 2199 524 2266 nupt.
539 2203 556 2252 4
575 2196 682 2250 addens
705 2198 748 2250 ‘ut
767 2196 837 2252 dicit
854 2197 990 2263 Plinius';
1009 2200 1157 2268 praeterea

142 2267 247 2392 IOptull.
264 2273 305 2337 16,
320 2274 397 2393 psq„
417 2267 467 2323 Ov.
487 2267 561 2322 trist.
576 2268 610 2336 II,
625 2273 685 2336 854,
704 2268 788 2324 Mart.
808 2269 854 2338 XI,
871 2275 913 2336 15,
930 2277 1006 2338 leq,
1024 2268 1097 2325 Plin.
1113 2286 1156 2339 ep.

210 2344 252 2407 14,
272 2344 287 2394 a
307 2355 342 2394 a.
1124 2381 1127 2388 .

183 2382 190 2410 ⁹
215 2415 242 2477 2)
262 2409 368 2463 Similis
387 2412 505 2464 naturae
523 2409 611 2464 fuisse
625 2409 726 2480 fontes,
746 2410 878 2478 equibus
893 2410 980 2466 ceteri
994 2411 1077 2466 huius
1093 2410 1157 2465 aevi

142 2483 244 2550 poetae
268 2480 418 2536 materiam
440 2480 599 2550 hauserint,
626 2480 684 2535 iam
709 2498 794 2550 supra
817 2481 888 2548 dixi3
917 2481 1036 2537 Vetulae
1060 2484 1157 2537 tamen

144 2554 286 2606 auctorem
301 2568 335 2606 ex
345 2551 447 2606 Ovidio
460 2550 524 2621 ipsc
534 2552 609 2621 (fast.
620 2553 667 2621 111,
679 2559 731 2608 677
742 2554 813 2620 sqq.)
828 2553 1025 2622 argumentum
1039 2569 1157 2608 scaenae

143 2622 278 2690 lascivae,
299 2639 383 2691 quam
403 2623 539 2677 describit
557 2622 606 2678 lib.
625 2623 660 2678 ΙΙ.
676 2625 750 2678 cant.
769 2623 860 2677 XXIX
874 2640 947 2692 sqq,
971 2623 1046 2678 unde
1065 2625 1158 2679 totum

143 2710 245 2762 poema
262 2709 367 2748 nomen
385 2693 480 2763 traxit,
501 2693 653 2763 sumpsisse
669 2693 761 2748 simile
776 2693 889 2748 videtur
902 2693 970 2750 veri.
1004 2694 1049 2750 nd
1064 2694 1158 2750 Oaidii

142 2766 236 2818 locum
260 2764 388 2819 conferas
410 2764 565 2820 Hermanni
587 2765 695 2819 Usener
718 2764 947 2820 dissertationem
976 2765 1022 2820 ‘de
1049 2766 1157 2834 mythis

142 2834 248 2890 italicis
277 2853 308 2889 1n
322 2853 392 2890 mus.
406 2835 484 2890 rhen.
499 2838 568 2891 tom.
583 2834 668 2904 XXX,
678 2853 743 2906 pag.
754 2842 807 2890 224
817 2853 857 2905 sq.
886 2835 1017 2891 Ceterum
1030 2835 1156 2893 narratio

142 2906 273 2974 prosaica
293 2906 340 2960 ‘de
355 2923 439 2961 caeco
455 2908 484 2960 et
499 2907 558 2961 eius
572 2907 681 2976 uxore’‚
700 2923 786 2975 quam
801 2907 892 2961 edidit
905 2906 1028 2962 Thomas
1042 2907 1102 2962 Wri
1124 2907 1158 2962 ht

144 2975 175 3027 in
197 2976 358 3031 fabularum
381 2977 533 3031 latinarum
557 2977 725 3032 collectione
749 2976 848 3048 (Pcrcy
871 2977 979 3047 society
996 2980 1065 3036 tom.
1084 2926 1124 3034 Vi

147 3049 224 3125 1t43,
241 3065 306 3119 pag.
323 3054 356 3104 78
371 3051 437 3119 sq),
456 3048 557 3103 similis
577 3048 737 3118 argumenti
756 3052 902 3118 astatque
921 3048 1027 3120 Lydiae
1046 3066 1158 3105 comoe-

145 3114 211 3170 diae
229 3118 329 3188 exitus,
349 3122 445 3174 tamen
462 3121 524 3175 fons
543 3119 630 3176 fuisse
648 3138 705 3176 non
723 3122 827 3190 potest,
847 3137 910 3175 cum
928 3120 1057 3190 pluribus
1072 3120 1108 3174 ab
1123 3137 1158 3174 ea

145 3185 265 3244 differat.
302 3189 370 3244 Arte
393 3192 487 3245 autem
510 3191 643 3247 cohaeret
665 3190 790 3246 narratio
814 3192 848 3246 de
872 3207 956 3246 caeco
983 3207 1047 3245 oum
1064 3191 1158 3245 Adclfi

143 3257 243 3313 fabula
261 3259 281 3316 I.
302 3260 414 3331 saepius
432 3261 503 3334 ipsis
522 3262 615 3318 verbis
635 3261 761 3318 servatis.
798 3261 892 3318 Adolfi
910 3261 1022 3316 fabulas
1042 3278 1067 3318 a.
1089 3267 1156 3317 1315

144 3329 264 3400 scriptas
282 3331 359 3401 (vide
375 3349 435 3404 cap.
451 3333 498 3389 XI.
513 3334 631 3404 exitum)
650 3332 740 3388 'edidit
758 3334 930 3403 Polycarpus
945 3331 1049 3402 Leyser
1066 3332 1097 3387 in
1115 3333 1157 3388 hi·

144 3401 232 3457 storia
249 3405 398 3474 poetarum
417 3406 447 3459 et
464 3407 629 3487 poematum
643 3403 730 3459 medii
745 3404 807 3460 aevi
821 3421 887 3474 pag.
902 3409 980 3472 2008,
1000 3420 1086 3473 quam
1099 3404 1157 3460 edi·

143 3471 250 3529 tionem
264 3475 401 3546 repetivit
414 3475 529 3545 nght
543 3477 562 3532 1.
577 3476 595 3532 l.
610 3493 675 3546 pag.
691 3482 743 3532 174
758 3492 818 3545 sqq.
851 3475 895 3528 Ad
910 3477 1058 3544 utrumque
1078 3492 1157 3545 opus,

142 3544 335 3602 narrationem
353 3547 512 3618 prosaicam
535 3550 565 3602 et
582 3547 708 3602 fabulam
750 3547 882 3614 osticam,
902 3563 990 3617 prope
1010 3547 1157 3619 accedunt,

144 3630 216 3681 quae
234 3620 333 3672 narrat
350 3619 491 3673 mercator
508 3617 539 3672 in
557 3617 695 3673 Chauceri
715 3567 901 3686 ‘danterbmy
919 3617 1014 3674 tales’.

197 3715 270 3758 Aleae
284 3717 410 3772 comoedia,
424 3718 458 3759 ed.
473 3718 635 3768 Lahmeyer.
927 3714 942 3760 2

1123 2979 1157 3048 u,
1247 3035 1249 3040 ,
