2672 4052
551 183 773 248 ..24-

152 339 252 405 luisse
272 337 467 405 Graecorum
489 339 656 406 seientiam
679 342 711 404 et
734 339 895 425 imprimis
922 340 1104 406 oomoediae
1126 364 1178 408 re-

155 427 307 494 centioris
327 450 425 513 opera
450 428 573 512 optime
593 429 702 494 doouit
719 428 877 494 Ernestus
893 429 1063 496 Windisoh
1080 429 1179 519 (Der

157 516 356 603 griechisohe
375 516 513 584 Einfluls
531 517 577 582 im
595 517 763 584 indisohen
780 517 912 583 Drama'
936 518 970 584 in
990 518 1097 584 ‘Verh.
1117 519 1178 586 des

155 606 193 672 V.
210 604 668 693 Orientalisten·(longresses'.
704 607 816 674 Berlin
836 608 931 693 1881,
950 629 1024 694 pag.
1044 611 1064 674 3
1080 605 1176 695 sqq.),

156 695 245 759 velut
259 694 374 760 Militis
388 694 523 781 gloriosi
532 695 675 761 Plautini
690 700 927 782 argumentum,
940 700 977 762 ut
987 697 1176 780 exemplum

157 784 289 848 afferam
310 783 529 867 notissimum,
553 784 716 849 invenitur
738 784 773 850 in
795 784 907 850 multis
931 788 963 849 et
987 784 1121 852 orientis
1140 789 1175 851 et

158 872 332 938 oeeidentis
355 872 475 938 fabulis
498 873 678 958 desumptis
702 897 742 938 ex
765 874 915 959 exemplo
939 895 1054 960 graeco
1062 871 1096 960 ¹).

248 960 352 1038 Quare
374 961 575 1028 narrationes
598 962 770 1028 orientales
789 962 904 1028 similis
923 962 1107 1049 argumenti
1130 962 1176 1050 (v.

160 1048 268 1114 (lassel
287 1072 361 1136 pag.
383 1051 447 1116 154
466 1055 499 1115 et
518 1051 556 1116 of.
570 1050 702 1116 Landau
716 1074 791 1138 pag.
807 1049 864 1138 17)
883 1052 924 1115 ad
947 1051 1083 1116 eundem
1105 1052 1176 1117 fon-

158 1142 225 1204 tem
248 1138 351 1203 redire
370 1161 466 1224 posse
485 1140 723 1205 eoncedendum
737 1144 794 1205 est.
832 1139 895 1206 Sed
912 1162 980 1205 rem
995 1139 1177 1224 disceptare

157 1226 259 1293 nolim
282 1227 483 1314 ambiguam,
511 1228 702 1312 praesertim
728 1250 802 1294 eum
828 1229 904 1293 talis
926 1229 1038 1294 fabula
1061 1227 1175 1294 eodem

157 1319 305 1400 tempore
328 1317 425 1383 variis
448 1316 528 1382 loois
551 1317 654 1402 possit
678 1339 746 1382 esse
766 1317 957 1404 exoogitata.
995 1316 1176 1383 Guilelmus

157 1404 333 1490 Blesensis,
356 1405 383 1471 si
407 1405 485 1490 quid
507 1405 583 1471 huie
605 1406 783 1473 narrationi
806 1406 932 1493 debuit,
958 1405 1043 1470 undo
1067 1427 1177 1490 sump-

158 1494 236 1559 serit
258 1495 459 1581 ignoramus3
483 1495 649 1580 exemplar
666 1496 867 1580 hebraicum,
891 1495 977 1580 quod
994 1517 1054 1560 nos
1072 1516 1178 1558 unum

158 1582 320 1667 novimus,
344 1584 498 1649 adhibere
520 1606 587 1651 non
610 1585 727 1670 potuit.

232 1799 257 1858 l)
278 1793 350 1848 Vide
370 1793 533 1848 Eduardum
553 1793 678 1848 Zarnoke
697 1793 727 1846 in
746 1811 817 1848 mua.
836 1793 913 1849 rhen.
929 1792 973 1862 (N.
990 1793 1029 1860 S.)
1047 1791 1177 1859 XXXIX,

160 1881 226 1934 pag.
243 1870 255 1917 1
269 1881 338 1933 sqq,
358 1863 545 1934 ibidempag.
561 1870 595 1918 26
616 1864 664 1919 ‘So
678 1863 735 1920 viel
750 1865 827 1919 steht
840 1882 893 1918 nur
910 1863 974 1932 fest,
995 1863 1056 1918 dass
1075 1880 1176 1918 unsere

158 1935 326 2006 Erzthlung,
345 1952 401 1990 von
420 1935 518 1989 Hellas
536 1935 618 1990 ihren
632 1935 779 2006 Ursprung
796 1935 945 2005 nehmend,
964 1935 1004 1988 im
1017 1933 1106 1988 Laufe
1125 1934 1178 1989 der

159 2007 369 2062 Jahrhunderte
388 2005 435 2061 die
448 2006 528 2062 Welt
546 2006 778 2062 durchwanderte
796 2007 854 2060 und
872 2005 981 2062 fiberall
994 2004 1081 2061 dahin
1094 2004 1178 2059 ihren

159 2079 228 2132 Fuls
248 2080 349 2145 setzte,
373 2095 416 2133 wo
441 2094 507 2132 man
526 2076 656 2133 Gefallen
678 2078 747 2132 land
771 2095 808 2132 an
828 2077 1002 2132 Sehwtnken
1024 2075 1083 2130 und
1101 2077 1177 2129 Mar·

161 2149 245 2217 chen,
264 2147 304 2202 im
324 2148 423 2204 Orient
441 2148 494 2203 wie
512 2148 552 2202 im
571 2149 728 2206 Oooident’.
765 2153 859 2217 Atque
879 2148 984 2204 similia
1001 2149 1114 2202 nostrae
1133 2145 1177 2201 fa-

160 2220 244 2275 bulae
263 2219 350 2274 fuisse
370 2219 431 2274 fata
448 2223 540 2290 putes,
