2672 4052
610 203 830 267 ...64-

252 378 317 422 non
339 355 454 440 habet,
477 356 576 422 immo
599 358 686 423 leves
709 358 744 423 in
767 382 825 424 sua
848 365 924 426 vota
948 361 1036 447 deos,

132 454 133 466 ¹
152 467 193 508 111
207 445 415 528 venalemque
438 443 523 510 Iovis
547 446 601 530 qui
624 468 690 511 non
712 448 905 513 conduxerit
927 471 1028 536 aram,

251 535 286 598 in
308 554 446 598 vacuum
467 555 587 599 vaouus
610 535 773 619 supplicat
796 535 851 600 ifle
875 535 952 602 Iovi.

208 627 283 688 ante
306 621 416 688 Iovem
439 643 550 688 causas
573 623 760 688 inhonestas
782 645 899 689 munus
921 625 1073 691 honestat

253 710 456 796 absolvitque
479 732 551 777 reos
574 711 792 797 innocuosque
814 711 905 798 liget.

209 800 359 867 venditur
381 803 456 864 ante
477 799 587 866 Iovem
609 800 721 866 seeleri
743 800 876 885 pietatis
899 800 1019 887 imago,

157 915 198 956 eso
255 893 365 974 empta
387 888 524 954 vestitur
546 890 606 955 sub
630 889 753 975 pietate
777 890 888 955 soalus.

211 979 275 1044 iam
297 977 381 1042 nihil
404 1001 423 1041 a
446 979 571 1063 superis
595 979 696 1066 gratis
719 979 826 1064 datur,
849 978 956 1044 omnis
977 997 1094 1064 magno

256 1070 422 1152 constant,
445 1089 563 1155 magna
586 1068 682 1134 breve
704 1089 837 1133 munera
859 1089 974 1132 munus
996 1071 1114 1142 emunt.

210 1155 334 1240 templa
355 1155 465 1220 locant
489 1157 588 1222 etiam
611 1157 720 1243 superi
743 1179 814 1242 sua,
837 1155 1059 1241 pontificatum

255 1243 366 1310 vendit
389 1245 539 1328 pontifici
561 1244 711 1331 Iuppiter
733 1246 804 1331 ipse
826 1267 893 1311 suo.

157 1333 316 1422 1113111111
339 1354 540 1398 summorum
563 1357 655 1400 merx
678 1339 740 1420 est,
763 1357 839 1400 nam
861 1334 966 1421 gratio
988 1332 1089 1421 gratia

255 1445 321 1488 non
344 1421 452 1506 datur,
475 1423 558 1489 hane
581 1424 669 1490 solus
691 1424 849 1512 prodigus
872 1426 1000 1508 emptor
1020 1422 1128 1486 habet.

211 1511 361 1577 venditur
383 1511 536 1576 introitus
559 1513 675 1596 templi
696 1513 918 1597 prohibetque
941 1511 1087 1578 sacerdos

256 1604 330 1664 ante
353 1596 462 1663 Iovem
484 1621 601 1664 vacuas
624 1620 755 1664 mimere
778 1600 862 1665 ferre
885 1622 1008 1665 manus.

212 1688 267 1751 dat
289 1685 391 1771 gratis
413 1707 522 1767 nemo,
547 1685 623 1766 quia
645 1685 747 1770 gratis
770 1708 865 1750 nemo
889 1688 1027 1770 recepit,

157 1801 198 1840 seo
255 1771 364 1836 vendit
388 1771 536 1854 quisque,
560 1770 636 1850 quia
658 1770 801 1833 vendidit
825 1772 908 1834 alter
930 1773 967 1834 ei.

211 1860 316 1947 gratia
337 1861 498 1924 scortatur
519 1859 670 1940 prostans
692 1855 844 1941 turpique
866 1857 996 1921 redacta

255 1950 315 2016 sub
338 1946 444 2033 pretio
468 1948 630 2029 emptores
653 1945 787 2012 devovet
810 1945 882 2032 ipsa
904 1967 987 2012 suos.

210 2090 423 2105 -,,---.α-

282 2183 336 2233 214
354 2176 384 2230 in
402 2191 454 2230 sua
472 2159 560 2232 verba
645 2185 698 2235 215
717 2196 816 2234 aurem
901 2185 954 2235 219
974 2178 1087 2234 sceleris
1174 2187 1227 2236 222

211 2266 313 2302 munus
333 2249 415 2302 erunt
478 2253 530 2303 223
550 2248 601 2304 dat
614 2266 697 2307 nemo
716 2252 805 2320 gratis
865 2256 917 2306 231
938 2250 1056 2306 sortitur
1109 2253 1228 2308 reducto

284 2448 336 2498 215
356 2442 446 2515 aram]
469 2457 565 2497 aurem
583 2441 630 2511 H,
653 2443 726 2512 quod
745 2444 887 2511 praeferre
901 2444 992 2510 poesie
1014 2472 1048 2482 —
1073 2443 1227 2497 21711110-

212 2567 320 2638 nestas]
339 2565 512 2640 inhonestlfss
529 2568 545 2621 b
566 2597 596 2606 —
617 2570 669 2620 221
688 2563 876 2637 111111]111Χ
894 2595 925 2604 —
944 2511 1100 2642 ὲιέἓῖοοᾷ
1117 2592 1151 2603 -
1172 2571 1225 2620 222

212 2654 329 2692 munera
346 2655 447 2692 munus
466 2639 575 2708 emunt]
600 2653 716 2692 munera
737 2652 838 2690 munus
858 2635 960 2691 emitb
983 2649 1099 2688 numina
1117 2649 1227 2691 munus

213 2709 282 2764 emit
300 2709 373 2764 XM
399 2739 432 2750 -
461 2709 720 2780 2211111]11>12
749 2738 781 2748 -
806 2704 964 2777 22311111]
984 2705 1097 2758 tantum
1116 2705 1171 2760 Hb
1191 2738 1225 2747 -

212 2785 263 2834 231
282 2779 427 2851 prostans]
446 2784 594 2849 praestans
614 2782 630 2834 b
649 2810 682 2820 -
702 2777 829 2850 redacta]
847 2774 966 2832 reduete
981 2777 1030 2831 Hb
1052 2805 1083 2815 -
1103 2780 1156 2830 232
1176 2775 1225 2832 de-

212 2851 309 2922 vovet]
330 2850 476 2905 devorati

285 3061 454 3133 2141111111]
473 3065 541 3118 vota
563 3063 590 3118 V
605 3091 637 3104 -
657 3068 708 3117 212
727 3062 759 3117 io
777 3061 802 3114 L
820 3060 901 3115 verba
918 3059 984 3116 inde
1002 3060 1038 3115 ab
1057 3061 1123 3115 ante
1141 3077 1226 3130 esque

213 3151 316 3206 ymago
334 3140 359 3190 11
377 3132 429 3188 sub
447 3150 531 3206 uepres
550 3133 640 3188 scelus
659 3134 690 3188 in
708 3136 811 3188 1111111
823 3131 931 3187 uidetur
949 3161 983 3172 -
1003 3136 1054 3186 221
1080 3147 1097 3185 a
1117 3129 1225 3202 superis

466 3204 589 3275 ipreoio
609 3203 679 3275 (m.¹)
875 3204 1105 3273 comparantur(
1133 3202 1162 3272 .¹)

215 3295 265 3333 om.
288 3276 314 3331 V
331 3307 363 3316 —
384 3281 435 3330 221
454 3292 558 3346 magno
697 3274 736 3328 W
752 3303 785 3314 -
805 3278 856 3328 222
876 3277 1009 3330 constant
1188 3272 1227 3325 W

215 3379 247 3388 —
267 3347 364 3418 breve]
383 3346 464 3402 brevi
487 3348 526 3404 W
541 3377 574 3389 -
593 3345 721 3416 munera]
739 3361 855 3400 munere
879 3346 918 3402 W
933 3375 966 3388 -
987 3345 1069 3400 erunt
1100 3341 1169 3397 emit
1189 3342 1228 3396 W

214 3449 247 3459 —
267 3423 320 3474 223
342 3418 463 3491 templa]
483 3417 585 3488 templi
608 3417 636 3473 V
660 3448 693 3458 -
722 3421 774 3472 226
794 3416 884 3490 solus]
904 3415 994 3471 solum
1014 3417 1043 3470 P
1110 3441 1143 3454 -
1171 3417 1225 3468 230

212 3504 323 3575 vendit]
342 3494 475 3574 vendidit
492 3505 520 3560 L
540 3537 573 3546 -
592 3505 672 3579 quia]
692 3524 744 3563 sua
762 3507 797 3564 W
816 3537 851 3548 -
870 3512 920 3562 231
941 3501 1069 3574 sortitur]
1084 3503 1226 3556 scortator

214 3576 242 3628 P
260 3605 292 3614 -
311 3574 441 3645 reducta]
460 3576 577 3630 redacta
595 3577 624 3632 P
