2672 4052
549 241 745 324 84-

143 399 305 464 Blesensis
333 422 409 484 opp.
430 399 476 463 ed.
497 397 584 464 (tiles
608 403 684 464 tom.
708 398 737 483 l,
760 422 791 483 p.
811 401 876 466 288
891 397 975 484 sqq.)
1000 397 1159 465 Guilelmo

144 488 237 553 fratri
261 510 319 553 suo
343 488 534 575 gratulatur,
559 488 645 573 quod
668 487 802 553 consilio
826 509 884 552 suo
908 489 1082 553 obsecutus
1105 489 1160 553 ab·

144 577 268 642 batiam
286 576 321 641 in
339 599 452 642 manus
467 577 584 642 summi
599 577 764 661 pontificis
778 577 959 663 resignarit,
978 576 1089 661 ibique
1108 577 1160 642 his

143 665 252 731 verbis
271 665 426 731 solacium
445 666 474 730 ei
493 667 606 731 afferre
625 666 747 731 studet:
771 664 910 732 ‘Nomen
930 669 1074 730 vestrum
1093 665 1160 729 diu-

143 754 289 820 tmniore
313 754 467 820 memoria
490 754 745 819 commendabile
767 754 901 820 reddent
925 753 1092 840 tragoedia
1109 775 1160 818 ve·

144 847 211 908 stra
230 843 268 908 de
282 843 400 909 Flaura
415 847 447 908 et
460 843 579 928 Marco,
597 865 732 908 versus
751 843 794 907 de
813 843 942 928 pulice
962 847 1001 907 et
1020 865 1161 929 musca,

145 932 340 997 comoedia
363 936 491 997 vestra
515 932 558 996 de
582 931 680 1017 alda,
703 953 866 996 sermones
893 931 1005 1018 vestri,
1032 935 1065 996 et
1092 952 1161 996 cae-

145 1025 214 1086 tera
232 1021 436 1107 theologicae
454 1020 619 1085 facultatis
638 1042 746 1104 opera,
770 1042 851 1104 quae
868 1021 995 1086 utinam
1013 1019 1161 1084 diffusius

146 1114 252 1175 essent
280 1132 317 1175 ac
346 1109 506 1175 celebrius
538 1109 713 1193 publicata.
750 1108 828 1174 Plus
859 1108 991 1175 honoris
1022 1108 1161 1174 accrevit

144 1199 238 1264 vohis
262 1221 302 1263 ex
325 1198 440 1263 vestris
463 1198 630 1282 operibus7
659 1219 756 1282 quam
781 1221 820 1262 ex
844 1202 983 1282 quatuor
1005 1197 1160 1262 abbatiis’

145 1310 209 1372 eqs.
247 1286 448 1364 Quibuscum
466 1286 590 1371 optime
609 1290 804 1373 congruunt,
829 1309 910 1373 quae
929 1291 1041 1352 auctor
1058 1284 1161 1351 Aldae
1226 1305 1229 1312 ·

147 1376 186 1440 de
210 1398 268 1441 sua
291 1376 383 1460 poesi
407 1375 442 1440 in
464 1376 602 1459 prologo
625 1376 799 1460 profitetur
820 1398 848 1439 v.
864 1378 885 1441 9
899 1398 945 1460 sq.

213 1465 373 1530 ‘versibus
395 1469 433 1528 ut
456 1464 601 1548 pulicis
626 1468 663 1529 et
686 1486 835 1529 muscae
859 1463 964 1550 iurgia
987 1463 1058 1548 risi,

256 1553 396 1619 occurrit
418 1558 530 1619 nostro
554 1553 723 1619 mascula
745 1552 855 1640 virgo
880 1552 975 1618 stilo'.

232 1642 315 1706 Tum
333 1643 368 1706 in
386 1642 550 1706 nonnullis
569 1642 663 1708 libris
682 1642 910 1727 manuscriptis
924 1646 1040 1725 poetae
1054 1641 1160 1726 patria

145 1735 177 1796 et
205 1752 324 1796 nomen
352 1730 559 1795 continentur
586 1730 726 1795 carmine
753 1729 947 1814 memoriali,
976 1730 1062 1814 quod
1089 1752 1160 1794 meo

143 1819 262 1884 iudicio
286 1840 352 1884 non
374 1822 472 1902 poeta
494 1818 565 1902 ipse
589 1818 728 1903 effinxit,
757 1822 833 1883 sunt
856 1819 942 1883 enim
964 1841 1075 1884 versus
1098 1819 1161 1884 leo-

143 1907 223 1994 nini,
246 1907 302 1972 sed
316 1929 395 1972 saec.
409 1905 479 1972 XII.
493 1906 545 1970 vel
558 1906 643 1972 ΧΙΠ.
662 1906 824 1991 librarius,
848 1907 898 1971 cui
913 1929 964 1972 res
979 1911 1012 1972 et
1030 1907 1160 1972 nomina

147 1998 229 2062 bene
248 1996 369 2062 fuerint
387 2000 473 2061 nota.
506 1995 612 2061 Hodie
631 1995 712 2061 illud
734 1995 896 2061 distichon
919 2000 1009 2061 extat
1033 2001 1161 2062 tanturn

144 2085 180 2150 in
203 2086 311 2151 codice
335 2085 457 2170 optimo
480 2084 655 2151 Harleianc
675 2087 777 2170 3872,
800 2085 856 2149 sed
880 2090 948 2151 erat
971 2085 1006 2150 in
1027 2084 1161 2170 Amplo-

143 2174 240 2241 niano
260 2196 389 2259 quoque
407 2174 493 2240 libro
511 2197 597 2240 nunc
616 2174 798 2258 deperdito,
821 2175 893 2240 vide
911 2175 996 2240 infra
1014 2197 1088 2261 pag.
1110 2176 1161 2260 19,

143 2268 210 2328 not.
231 2266 259 2328 3.

213 2351 316 2416 ‘Musa
339 2349 502 2416 sionensis
510 2347 535 2435 l)
560 2347 728 2414 Guillermi
752 2350 819 2414 sive
842 2349 999 2414 blesensis

256 2437 471 2526 Scriptoresl)
493 2438 625 2502 iuvenes
648 2437 717 2503 volt
740 2437 926 2523 refugitque
950 2435 1060 2502 senes'.

232 2528 381 2613 Denique
405 2527 439 2592 in
461 2526 612 2611 pluribus
635 2525 724 2590 Petri
747 2525 909 2590 Blesensis
933 2524 1082 2610 epistulis
1106 2521 1160 2612 (cf.

145 2641 195 2702 ep.
210 2620 262 2702 49,
279 2614 336 2702 72)
355 2620 388 2680 et
406 2616 441 2680 in
456 2615 618 2680 ‘Invectiu
633 2615 668 2679 in
682 2614 927 2700 depravatorem
941 2635 1076 2698 operum
1089 2613 1160 2678 Ble-

145 2705 260 2771 sensis'
300 2705 346 2769 ed.
367 2704 454 2770 Giles
473 2709 550 2770 tom.
570 2703 612 2788 Π,
631 2705 764 2788 append.
783 2727 856 2790 pag.
874 2700 1054 2788 LXXXIV)
1073 2702 1160 2767 adhi-

146 2796 243 2860 betur
309 2794 367 2858 dae
391 2793 573 2859 comoediae
596 2814 708 2858 versus
729 2793 803 2878 556,
828 2793 974 2878 quamvis
997 2791 1066 2856 sine
1090 2812 1160 2855 auc-

147 2884 228 2949 toris
252 2882 384 2948 indicio:

213 2973 290 3037 ‘non
313 2975 482 3056 expectato
505 2970 622 3035 vulnus
645 2970 687 3034 ab
711 2970 805 3058 hoste
828 2969 916 3054 tuli',

147 3083 243 3145 quem
266 3059 445 3126 Guilelmus
471 3082 570 3145 parva
597 3062 725 3124 tantum
752 3058 931 3124 mutatione
959 3057 1098 3124 admissa
1122 3081 1161 3123 ex

219 3257 246 3336 1)
264 3251 444 3308 Adiectivum
462 3252 620 3307 derivatum
637 3267 654 3306 a
668 3249 787 3321 Vienna,
807 3249 941 3306 suburbio
955 3252 1032 3307 urbis
1047 3252 1161 3307 Blesen-

147 3323 279 3392 sis‚v1de
300 3323 429 3379 ‘histoire
448 3322 587 3379 litterairc
606 3323 641 3377 de
659 3321 689 3378 la
703 3323 820 3378 France’
841 3324 908 3378 tom.
926 3323 1014 3393 XXII,
1033 3339 1097 3393 pag.
1112 3326 1160 3386 523

147 3411 235 3465 quare
252 3396 280 3450 le
302 3395 405 3450 endum
425 3397 520 3451 censet
539 3395 652 3451 Oloetta
672 3393 874 3451 ‘Viennensis'.

219 3471 246 3536 ἓ)
291 3467 367 3522 trum
385 3466 565 3522 scribendum
584 3465 622 3520 sit
642 3464 811 3535 ‘scriptoris'
838 3467 867 3520 ct
889 3465 1062 3534 iungendum
1080 3463 1159 3516 ante·

147 3535 325 3605 cedentibus,
345 3554 382 3592 an
401 3537 575 3609 ‘scriptores’
590 3535 637 3591 hic
652 3535 710 3590 sint
726 3535 838 3592 librarii
851 3538 887 3609 (v.
902 3533 1019 3591 Bernier
1036 3535 1067 3589 in
1082 3531 1160 3588 ‘hist

146 3607 202 3665 litt.
223 3608 257 3664 de
276 3608 306 3663 la
323 3607 380 3664 Fn’
401 3609 419 3665 l.
438 3609 468 3680 l.)
489 3607 620 3666 dubitare
638 3607 715 3663 licet.
