2672 4052
574 251 789 314 ..71-

177 412 320 478 hesterni
343 433 418 476 cum
440 414 532 494 parte
555 409 620 474 tori
643 408 833 474 discesserat
856 407 975 491 hospes

221 502 404 584 damnosus,
426 498 587 583 Pyrrhum
611 497 773 581 convenit,
795 496 902 580 inquit
925 496 984 570 ita:

176 589 331 674 ‘quantis
353 588 490 672 Pyrrhe,
513 587 594 651 mihi
618 586 701 650 cutis
724 589 774 650 est
797 585 909 650 attrita
931 585 1080 673 flagellis!

220 682 300 762 quot
322 677 419 742 miser
442 676 552 760 accepi
574 676 708 740 verbere
732 677 875 759 quotque
899 673 1014 740 minas!

173 767 248 831 leno
272 770 455 850 compertus
478 765 561 830 male
585 786 657 829 sum
680 763 856 848 deprensus
879 762 914 826 in
937 763 1009 847 ipso

220 854 364 941 crimine,
386 876 446 919 nec
468 857 598 919 nostros
620 852 732 938 attigit
755 852 811 916 illa
835 851 933 916 cibos.

175 943 317 1028 suspires
340 942 419 1008 alias
441 943 488 1007 nil
511 943 716 1026 profecturus
738 940 774 1005 in
796 939 910 1004 Aldat’

219 1033 358 1117 dixerat,
382 1036 416 1096 33
438 1031 600 1115 Pyrrhum
624 1030 734 1094 durius
757 1029 849 1115 angit
875 1052 974 1094 emor.

172 1121 262 1185 nulla
285 1121 352 1186 suis
374 1120 460 1185 votis
483 1119 650 1184 blanditur
672 1140 760 1203 speS,
783 1139 842 1182 nec
865 1117 900 1181 in
923 1118 990 1183 ullo

217 1210 392 1294 respondet
415 1208 498 1274 ratio
523 1207 756 1291 consiliumque
780 1206 853 1270 sibi.

173 1297 207 1361 in
229 1298 319 1362 nulla
342 1320 442 1382 puero
467 1320 524 1382 spe
548 1297 728 1381 respirante
752 1294 876 1360 camino

217 1386 398 1451 admixtum
421 1390 470 1450 est
494 1385 600 1450 oleum
622 1385 775 1471 lignaque
799 1384 882 1448 sicca
905 1407 994 1470 rogo.
1200 1405 1240 1444 :uo

172 1495 237 1558 quo
261 1474 335 1558 plus
359 1479 474 1538 cuncte
496 1474 563 1539 suis
585 1474 674 1538 videt
697 1472 898 1538 adversantia
920 1473 1019 1558 votis,

217 1562 322 1628 acrius
344 1562 483 1649 ignescit
506 1562 656 1646 improba
679 1561 781 1645 pestis
803 1583 900 1626 amor.

171 1655 280 1716 mente
304 1651 401 1716 miser
423 1655 603 1716 maceretur
625 1673 736 1715 amens
759 1649 993 1734 macilentaque
1017 1652 1118 1716 menti

216 1740 390 1824 respondet
413 1739 511 1806 facies
535 1745 567 1805 et
591 1739 674 1805 cutis
697 1761 770 1804 ossa
791 1739 932 1804 trahens.

170 1828 246 1893 huic
269 1852 360 1895 soror
383 1834 449 1915 est3
471 1829 594 1894 multus
617 1834 667 1894 est
689 1830 790 1893 frater
812 1828 847 1892 in
870 1850 924 1893 ore
948 1829 1080 1914 sororis,

214 1922 348 2002 totaque
372 1923 538 2003 spectatur
560 1918 670 1983 fratris
693 1917 728 1981 in
751 1939 805 1981 ore
829 1939 927 1982 soror.

170 2005 218 2069 sic
241 2007 326 2092 gerit
349 2007 384 2069 in
405 2007 499 2070 vultu
521 2007 655 2070 fratrem
678 2026 782 2088 soror,
805 2005 859 2069 ille
883 2026 1039 2091 sororem,

243 2169 295 2218 360
322 2161 418 2230 inquit
445 2161 472 2217 ei
561 2161 698 2217 attieno
722 2163 881 2231 compertus
973 2168 1024 2218 333
1048 2164 1187 2220 succurrit

170 2232 248 2287 racio
268 2232 450 2288 consiliumve
523 2239 575 2288 373
594 2233 690 2287 vultus
709 2234 754 2287 333

242 2379 294 2429 333
312 2373 450 2445 hesterni]
469 2374 602 2430 hesterna
620 2375 652 2430 Η
680 2405 713 2416 -
741 2381 794 2430 334
813 2374 941 2448 crimine]
966 2375 1072 2431 lumine
1091 2377 1127 2432 Η
1151 2410 1185 2421 -

595 2448 628 2500 tu
646 2445 740 2500 Pirrus
956 2447 1067 2516 spurius

169 2515 260 2587 cibos]
280 2515 359 2571 cibus
384 2515 439 2572 Wr
466 2548 500 2557 —
529 2521 581 2571 363
600 2515 672 2572 alias
764 2517 796 2570 X
820 2549 857 2557 -
884 2522 936 2572 363
955 2517 1068 2572 dixerat
1088 2520 1119 2572 X
1151 2552 1185 2560 —

169 2593 222 2642 371
241 2589 328 2642 Amor
345 2603 480 2642 venereus
499 2589 531 2642 s'n
548 2605 609 2643 mar
628 2631 634 2643 .
657 2588 689 2641 X
705 2619 739 2629 -
763 2593 815 2642 373
834 2590 993 2642 maceratur
1025 2592 1184 2645 maceratus

169 2659 185 2713 b
205 2689 237 2699 -
258 2664 309 2714 373
328 2657 434 2713 multus
453 2660 498 2712 333
515 2605 728 2730 333333]0331333
748 2660 792 2713 333
810 2657 905 2712 fratris
927 2660 959 2712 X
1008 2661 1068 2716 rM

239 2807 292 2856 333
312 2799 493 2871 discesserat]
514 2800 674 2855 decesserat
697 2800 725 2855 V
750 2831 783 2840 -
811 2807 863 2856 331
884 2800 1001 2866 Quantis
1021 2803 1093 2858 cutis
1112 2803 1185 2858 mihi

168 2870 241 2924 cutis
261 2873 304 2926 est
322 2872 349 2925 L
372 2903 405 2912 -
430 2876 481 2926 333
501 2873 570 2939 quot
588 2869 781 2994 misequuod
800 2870 885 2927 miser
909 2873 948 2926 W
970 2902 1004 2914 -
1032 2879 1084 2929 363
1104 2873 1182 2947 feno]

169 2956 251 2996 sceno
276 2943 314 2997 W
338 2973 371 2984 —
400 2942 564 3014 deprensus]
589 2941 674 3010 depre
695 2958 779 2996 ansus
802 2942 830 2997 V
855 2973 888 2984 —-
915 2942 990 3014 ipso]
1010 2943 1059 2999 illo
1085 2945 1124 3000 W
1152 2979 1184 2987 -

168 3017 222 3067 363
240 3015 353 3068 nostros
372 3012 472 3084 attigit
490 3012 553 3085 illa]
572 3017 671 3068 nostra
689 3012 837 3084 contigere
859 3014 898 3069 W
918 3045 951 3056 —
976 3020 1028 3070 333
1048 3017 1182 3088 suspires]

170 3118 294 3187 suspiras
319 3118 412 3175 VWs
430 3151 463 3161 -
487 3126 539 3175 366
560 3119 603 3191 33]
622 3120 654 3173 33
668 3119 695 3174 L
713 3150 748 3161 -
766 3125 818 3176 363
838 3103 1022 3191 consiliunt?
1045 3138 1116 3178 corr.
1135 3122 1185 3178 md

174 3187 213 3241 W
238 3218 272 3229 -
297 3194 349 3244 333
367 3189 397 3243 in
415 3190 441 3258 (I
459 3191 580 3247 33133333
598 3197 623 3245 et
641 3192 740 3261 maior)
766 3191 792 3245 V
816 3223 848 3232 -
867 3191 968 3263 puero]
987 3207 1075 3260 parvo
1094 3193 1121 3246 L
1150 3225 1182 3234 -

168 3258 279 3313 sb’aud'
301 3261 316 3314 ὂ
335 3260 376 3318 333
394 3261 519 3317 admixtu
544 3261 610 3318 oleri
629 3261 740 3318 camino
760 3261 830 3332 (m.¹)

166 3329 278 3385 camino
850 3334 889 3387 W
905 3365 939 3375 -
958 3339 1010 3388 370
1029 3334 1186 3389 admixtum

167 3402 224 3473 est]
244 3402 457 3471 admixtumque
477 3403 515 3456 W
531 3435 565 3445 -
585 3404 690 3475 oleum]
706 3403 769 3459 oleo
784 3404 811 3458 L
830 3436 863 3445 -
882 3404 1030 3476 lignaque]
1049 3404 1129 3476 ligna
1148 3407 1188 3461 W

167 3503 200 3512 —
220 3475 302 3547 rogo]
310 3489 441 3615 ‘rogoq(ue
448 3475 499 3614 ²)th
515 3506 549 3515 -
568 3480 620 3530 373
639 3474 733 3530 vultus
749 3477 793 3530 est
806 3474 893 3530 frater
906 3477 933 3531 L
951 3474 1046 3530 vultus
1066 3480 1110 3532 cst
1127 3476 1185 3530 fra-

286 3562 378 3615 prrms
411 3563 444 3600 m.

165 3613 217 3668 tris
242 3617 269 3671 V
283 3617 389 3672 multus
410 3617 454 3671 333
471 3632 581 3686 semper
605 3617 643 3671 W
