2672 4052
569 264 809 328 -aa-.

172 430 226 491 tur
250 423 306 509 qui
328 423 455 510 legunt,
477 422 531 487 hio
550 422 653 487 multo
673 420 878 486 artificiosius
893 442 930 485 ca
944 442 992 503 re,
1015 419 1102 504 quod
1116 419 1199 485 adu-

170 513 314 597 lescenti,
337 511 473 577 amatori
497 511 716 596 cupidissimo,
739 509 891 594 opposita
914 513 963 573 est
985 508 1077 596 virgo
1101 508 1199 574 inno-

172 624 246 668 cens
270 606 302 666 et
331 600 410 666 artis
438 600 612 664 amatoriae
640 599 736 684 plane
764 597 877 682 inscia,
905 597 999 682 plura
1026 601 1197 684 tegimtur,

172 713 253 775 quae
277 690 390 755 lectori
415 689 557 754 divinare
580 688 665 753 licet.
703 688 816 772 Itaque
838 687 918 751 haec
940 686 1092 770 voluptas
1116 687 1195 751 sub-

171 778 240 844 tilis
264 779 350 864 quod
373 778 475 843 multo
499 776 574 861 plus
597 776 699 842 valuit
723 799 820 861 quam
840 775 914 840 illae
938 775 1047 840 sordes
1074 775 1193 841 foedis-

173 869 286 952 simae,
310 889 366 933 our
390 866 555 932 comoedia
578 867 619 930 ab
643 865 834 950 aequalibus
857 869 890 929 et
909 863 1048 949 posteris
1066 864 1192 928 lectita·

173 962 275 1041 retur,
298 977 393 1021 causa
415 955 487 1020 fuit.

259 1044 438 1111 Nominum
452 1065 672 1128 personarum,
687 1065 760 1108 oum
774 1042 861 1127 apud
875 1041 1000 1126 priores
1010 1041 1107 1106 medii
1120 1041 1189 1105 aevi

171 1138 286 1218 poetas
310 1133 449 1198 comicos
477 1155 517 1198 ex
545 1131 739 1217 antiquitate
769 1131 972 1215 maximeque
996 1152 1013 1194 e
1037 1129 1189 1195 Terentio

172 1223 237 1288 sint
262 1222 444 1306 desumpta,
468 1221 542 1285 inde
562 1243 580 1284 a
604 1243 683 1286 saec.
702 1219 771 1284 XII.
791 1220 872 1284 med.
897 1218 1110 1284 mutationem
1134 1219 1190 1282 ob-

172 1332 344 1378 servamus.
381 1309 459 1374 Indo
487 1309 573 1374 enim
601 1309 752 1393 antiquae
777 1307 958 1372 comoediae
984 1306 1115 1372 nomina
1142 1329 1191 1371 ra-

170 1400 257 1465 riora
280 1403 407 1465 suntet
431 1421 512 1482 quae
532 1397 736 1482 adhibentur,
759 1401 814 1461 aut
834 1401 909 1461 sunt
926 1396 1048 1461 usitata
1066 1399 1191 1480 tempo-

170 1489 261 1554 ribus
288 1493 419 1573 poetae,
446 1491 503 1551 aut
530 1488 571 1552 ab
601 1487 672 1572 ipso
695 1487 783 1570 ficta3
812 1485 902 1550 ouius
931 1485 977 1550 roi
1003 1485 1190 1569 exemplum

171 1582 301 1662 praeter
333 1582 455 1642 ceteras
487 1577 646 1641 habemus
678 1575 712 1640 in
738 1574 840 1640 Aldae
871 1573 1042 1639 comoedia.
1089 1573 1189 1638 Velut

171 1665 273 1731 Aldae
297 1688 416 1731 nomen
438 1665 545 1754 (cuius
564 1665 723 1751 originem
742 1687 760 1728 a
778 1663 933 1729 Romanis
952 1666 1098 1746 repetere
1117 1685 1191 1746 pos·
1319 1703 1320 1732 i

172 1755 229 1839 sis3
253 1755 291 1819 of.
315 1757 447 1840 gentem
465 1753 607 1838 Aldiam,
630 1749 782 1838 Aldinos)
804 1752 839 1816 in
856 1751 1080 1838 Francogallia
1102 1751 1191 1816 latis·
1319 1831 1320 1838 ἵ

172 1843 252 1908 sime
275 1842 419 1926 patuisse
443 1842 592 1926 exempla
615 1842 739 1906 docent.
776 1839 826 1906 lta
849 1841 884 1904 in
907 1841 1032 1905 ‘roman
1055 1839 1093 1904 de
1112 1840 1191 1905 Tru-

172 1931 257 1997 bert'
276 1931 363 2019 (vide
382 1931 480 1996 Maon
494 1930 651 1996 ‘nouvcau
670 1929 790 1996 recueil
805 1930 843 1994 de
857 1929 1004 1994 fabliaux
1019 1933 1051 1993 et
1066 1928 1190 1993 contes’

170 2020 195 2105 l,
213 2043 287 2107 pag.
309 2022 373 2086 192
388 2017 486 2106 sqq),
518 2020 605 2105 quod
627 2040 756 2084 carmen
786 2017 901 2084 similis
925 2022 974 2082 est
998 2017 1191 2104 argumenti,

171 2109 316 2174 mulieris
343 2109 463 2174 nobilis
486 2109 635 2174 ministra
666 2112 800 2174 vocatur
824 2105 959 2192 ‘Aude’,
986 2107 1071 2171 idem
1099 2107 1190 2171 adest

171 2199 251 2264 alias
271 2197 325 2286 (cf.
340 2198 544 2285 Montaiglon
559 2197 689 2262 ‘recueil
704 2197 742 2261 de
756 2196 914 2261 fabliaux'
924 2196 964 2279 V,
974 2217 1048 2282 pag.
1061 2197 1134 2278 173,
1144 2192 1190 2282 4),

170 2309 275 2371 neque
297 2286 393 2351 hodio
417 2291 455 2351 ut
478 2286 573 2351 audio
596 2287 629 2350 in
654 2285 758 2352 Gallia
782 2284 920 2350 evanuit.
956 2284 1071 2368 Neque
1096 2284 1189 2349 omit·

171 2381 252 2458 tam,
280 2374 367 2458 quod
393 2397 636 2458 nonnumquam
659 2374 761 2439 Aldac
788 2373 912 2438 nomini
940 2373 989 2438 vis
1013 2373 1123 2458 typica
1146 2373 1190 2438 vi·

173 2465 266 2529 detur
299 2485 368 2528 esse
401 2463 573 2547 attributa,
605 2469 642 2528 ut
676 2462 719 2528 sit
751 2461 843 2548 virgo
877 2461 1023 2546 quamvis
1058 2461 1190 2546 nubilis,

172 2557 280 2618 tamen
312 2553 409 2637 plane
441 2552 489 2618 rei
521 2551 694 2617 amatoriae
727 2551 835 2616 inscia.
883 2550 1008 2628 Quibus
1040 2551 1189 2635 partibus

172 2642 322 2727 fungitur
345 2641 379 2704 in
401 2641 564 2706 Blosensis
587 2639 764 2726 comoedia,
788 2639 925 2727 vestigia
948 2639 1190 2724 perspiciuntur

171 2730 206 2794 in
229 2729 368 2794 carmine
387 2730 517 2795 heroico
531 2726 755 2815 Viennensi¹),
778 2729 836 2792 ubi
855 2729 893 2794 de
913 2728 1083 2794 moenibus
1098 2729 1189 2793 urbis

171 2818 255 2883 Alda
278 2818 370 2904 virgo
394 2817 440 2907 (la
464 2819 537 2883 bele
559 2816 667 2905 Ande)
692 2817 831 2902 adspicit
854 2817 1029 2890 certamina
1051 2817 1190 2882 Rolandi

171 2907 265 2972 fortis
293 2907 403 2991 sponsi
427 2907 536 2972 futuri.
575 2907 721 2972 Tertium
743 2907 795 2971 his
819 2907 941 2972 accedit
964 2907 1104 2972 ‘carmen
1128 2905 1188 2969 ele-

171 2995 301 3082 giacum
323 2995 362 3060 de
386 3018 493 3060 amore
516 2993 619 3060 hidae
642 2995 789 3082 virginis'
812 3017 831 3060 a
851 2994 991 3060 Guarino
1010 2995 1190 3061 Veronensi

172 3083 389 3169 compositum
411 3084 473 3172 (od.
492 3085 545 3150 W.
559 3085 600 3149 H.
615 3085 654 3148 D.
669 3083 825 3171 Suringar
842 3084 958 3149 Leidae
976 3082 1086 3172 1867),
1105 3085 1191 3169 quod

171 3179 299 3258 praeter
326 3173 459 3238 titulum
486 3177 519 3237 et
548 3173 681 3237 eandem
708 3173 832 3238 nomini
860 3173 1002 3237 additam
1032 3173 1190 3260 significa·

171 3262 295 3326 tionem
326 3262 410 3326 nihil
441 3263 542 3327 habet
574 3284 742 3327 commune
776 3283 849 3327 cum
880 3260 983 3327 Aldae
1016 3262 1190 3341 comoedia,

189 3417 228 3422 .-η
234 3417 388 3424 ...mm—...⁴

245 3495 271 3559 1)
291 3490 389 3545 Edidit
408 3507 520 3545 carmen
538 3490 658 3560 Prosper
675 3489 767 3544 Terbe
786 3506 811 3544 a.
832 3496 915 3558 1850,
939 3505 954 3543 e
975 3488 999 3543 it
1016 3487 1051 3542 de
1070 3502 1117 3554 eo,
1140 3484 1190 3554 qui

172 3562 266 3643 plura·
286 3560 316 3615 in
347 3561 475 3632 linguam
506 3561 697 3644 germanicam
729 3560 829 3628 vertit,
861 3507 1008 3615 Uhlanlus
1040 3559 1127 3628 poeta
1159 3557 1190 3613 in

175 3631 330 3688 ‘Schriften
348 3650 396 3686 zur
415 3631 582 3689 Gcschrchto
601 3630 659 3686 und
678 3630 762 3702 Saga'
783 3633 850 3687 tom.
870 3630 916 3684 IV.
