2672 4052
509 251 727 314 -55-

154 407 302 493 tradidit,
324 408 387 472 hoc
410 411 518 472 tecum
541 407 737 491 participare
760 409 843 473 volo.

109 497 196 582 quod
220 497 332 579 doceo,
354 518 420 560 non
444 495 625 561 dissimules
648 497 765 562 iterare
789 497 975 582 frequenter

153 589 287 670 totoque
310 607 376 649 non
399 584 536 668 poteris,
559 606 633 649 cum
656 585 806 671 moriere,
829 586 924 650 mori!

109 675 217 739 vivum
239 673 384 739 servabis
407 677 464 738 tua
487 677 519 738 te
544 678 620 757 post
643 675 711 738 feta
734 674 861 758 tibique

154 764 226 848 ipse
249 763 297 826 tui
321 784 438 848 magne
462 766 555 847 perte
581 767 745 846 superstes
769 763 852 827 eris'

108 851 211 916 Aldae
234 851 426 935 simplicitas
450 851 586 916 docilem
609 873 643 916 se
667 851 806 935 spondet
830 851 923 937 eique

155 941 268 1025 instet,
291 939 475 1024 pollicitum
498 938 602 1004 solvet
625 945 662 1004 ut
685 940 740 1004 ille
764 962 867 1005 suum.

111 1031 163 1094 ‘ne
187 1033 315 1094 careant
337 1029 445 1093 fructu
469 1028 653 1093 documenti
676 1028 799 1093 semina
821 1029 938 1114 nostri,

154 1122 257 1182 totem
280 1119 460 1183 conformes
484 1122 517 1181 te
540 1117 643 1201 mihi,
666 1117 811 1202 Pyrrhus
835 1118 894 1201 ait,

110 1206 209 1291 ‘quod
232 1206 361 1291 faeiem,
384 1205 483 1272 facies
508 1210 540 1270 et
563 1207 649 1270 fecte
672 1206 753 1270 meis
776 1211 833 1270 tue
856 1207 951 1271 fectis

154 1299 354 1377 succurrent,
376 1294 461 1359 votis
486 1295 552 1359 sint
575 1299 632 1358 tue
654 1293 765 1359 iuncta
787 1295 888 1360 meis'

107 1384 208 1448 nodat
231 1383 265 1446 in
288 1382 456 1466 amplexus
478 1383 581 1469 igitur
604 1383 799 1470 stringitque
822 1384 960 1450 lacertos

154 1493 252 1556 seque
276 1471 310 1535 in
332 1471 471 1536 femineo
495 1471 621 1558 colligit
644 1472 699 1536 ille
722 1472 803 1541 sinu.

108 1561 144 1625 in
166 1559 287 1624 nodum
310 1559 432 1643 pariter
456 1560 599 1625 collectis
622 1560 678 1624 ille
700 1560 844 1645 lacertis,

153 1672 172 1713 e
196 1649 279 1713 collo
303 1647 397 1731 pueri
419 1649 530 1713 nobile
553 1649 673 1733 pendet
696 1671 786 1714 onus.

109 1737 218 1824 qualia
241 1741 385 1822 quotque
409 1736 510 1822 dedit,
533 1743 583 1803 tot
606 1738 685 1802 teliu
708 1738 845 1822 suscipit
868 1738 923 1802 ille

154 1827 276 1911 oscula,
298 1825 426 1890 lascivit
448 1825 503 1890 ille
526 1848 585 1892 nec
607 1827 664 1891 ille
687 1827 802 1892 minus.

107 1916 289 2016 virgineum
312 1914 339 1979 si
363 1914 459 1979 dente
482 1916 583 2016 quasi·
597 1920 750 2067 peroqlnte
772 1914 928 1980 labellum

109 2008 480 2158 ultusultus
500 2009 865 2196 &llttttjitttssffl

181 2309 234 2358 439
253 2317 367 2357 narrare
386 2301 548 2371 frequentor
628 2308 680 2357 440
705 2302 770 2356 dum
789 2302 908 2357 moriere
991 2308 1043 2358 448
1066 2303 1123 2357 sint

109 2377 162 2431 tua
179 2374 257 2428 fecta
275 2371 344 2426 meis
399 2379 451 2430 450
470 2373 501 2426 in
515 2373 643 2444 virgineo
658 2372 769 2442 colligit
783 2373 844 2445 ipse
859 2374 923 2428 sinu
977 2378 1028 2428 451
1050 2374 1123 2430 Alda

107 2444 224 2502 lacertis
296 2449 347 2498 452
367 2461 384 2498 a
403 2444 475 2499 collo
490 2443 562 2498 Pirri
633 2452 685 2501 433
705 2447 810 2514 quotue
883 2449 982 2514 4tosq.
998 2444 1122 2501 sidente

107 2516 191 2587 quusi
208 2517 345 2640 ppogeplte
363 2515 499 2570 labellum
524 2515 655 2586 attingit,
674 2533 799 2572 morsum
817 2515 936 2585 suscipit
954 2515 1006 2570 illc
1024 2533 1122 2586 putem

161 2595 213 2642 457
244 2605 261 2640 a
282 2603 297 2640 e
321 2604 369 2639 um

180 2789 232 2838 442
252 2781 306 2854 tui]
326 2780 381 2835 tibi
400 2781 434 2835 H
449 2813 483 2823 —
502 2787 555 2836 444
573 2781 634 2853 ille]
654 2781 715 2852 ipse
736 2782 768 2835 X
785 2812 817 2821 -
842 2786 894 2835 450
913 2781 1047 2853 femineo]
1067 2781 1122 2836 vir-

109 2855 193 2925 gineo
214 2855 246 2908 X
263 2885 296 2894 -
316 2859 368 2907 453
387 2851 470 2924 teliu]
490 2854 628 2920 tantaque
649 2853 681 2905 X
699 2883 731 2892 -
751 2859 803 2906 455
823 2852 969 2925 parcente]
988 2855 1123 2921 poscente

104 2927 245 3066 pqqpoppsttr
265 2925 448 2981 Bueehclcrus
475 2955 508 2964 —
542 2928 594 2978 457
622 2921 767 2994 sugitque]
797 2922 948 2992 suggitque
976 2924 1011 2978 H
1034 2923 1122 2994 fugit-

180 3197 232 3246 438
250 3190 380 3245 madidis
393 3189 447 3245 hoc
460 3189 555 3244 nutrix
569 3189 741 3271 participare
755 3191 850 3243 tecum
864 3189 891 3242 L
904 3219 938 3229 -
953 3194 1005 3245 433
1020 3188 1121 3260 doceo]

109 3263 194 3317 doces
219 3263 274 3317 Wr
299 3292 332 3303 -
356 3267 407 3315 441
426 3260 533 3333 vivum]
552 3277 620 3314 riva
642 3260 669 3315 V
684 3292 718 3300 -
737 3260 878 3332 servabis]
899 3259 1024 3315 servabit
1041 3261 1068 3315 L
1089 3291 1121 3300 -

108 3341 160 3389 442
175 3332 231 3406 tui]
246 3333 296 3387 diu
309 3333 348 3387 W
358 3334 408 3387 tue
419 3333 455 3386 M
471 3364 504 3372 -
518 3337 571 3387 445
587 3349 622 3387 ne
637 3331 675 3400 (N
690 3333 742 3386 lut.
756 3333 844 3387 rubra
857 3339 882 3386 31
899 3332 999 3399 maior)
1014 3331 1077 3386 LV
1087 3362 1121 3372 -

107 3407 139 3460 in
161 3404 189 3459 V
203 3406 303 3460 abhinc
325 3419 410 3474 usquc
429 3405 466 3458 ad
484 3421 508 3458 o.
528 3409 582 3458 513
604 3420 696 3459 vesus
716 3405 801 3472 plane
824 3403 909 3470 33331,
932 3403 1121 3469 utfol.162⁶

108 3479 161 3543 (oo.
180 3480 338 3537 445-466)
360 3492 395 3530 ue
416 3475 497 3529 hosta
515 3476 622 3544 33131331
646 3475 699 3543 leui
713 3475 814 3543 possit,
837 3474 885 3540 fol.
905 3477 975 3529 1634ι
994 3476 1047 3541 (oc.
1066 3479 1122 3529 466

108 3551 210 3614 -5131
231 3547 368 3602 interdum
390 3547 476 3600 icitia
499 3553 524 3599 ct
542 3547 632 3600 cuitus
649 3561 775 3600 uersuum
790 3545 997 3614 perspiciantur
1016 3576 1050 3584 -
1069 3549 1123 3599 448

107 3616 197 3690 fecto]
216 3618 315 3672 iuncta
332 3617 358 3672 L
377 3647 410 3658 —
429 3622 482 3672 453
501 3616 619 3687 quotue]
639 3615 749 3685 quodve
774 3615 813 3670 W
