2672 4052
563 230 694 295 ..65
741 267 782 276 ..

160 389 327 473 omnibus,
351 392 388 452 ut
411 387 552 453 breviter
575 387 701 473 loquar,
725 389 832 452 omnia
854 389 965 454 vendit
987 389 1129 456 habendi

207 476 400 561 imperiosus
423 498 526 562 amor,
549 477 657 541 omnia
679 499 795 542 munus
819 477 906 542 emit.
929 516 974 525 —

161 566 302 651 miraris,
326 587 479 650 quorsum
502 565 613 630 tendat
638 565 793 652 digressio
816 567 920 632 nostri

209 654 379 739 sermonis,
402 654 512 718 videor
535 676 661 719 currere
684 659 813 738 praeter
836 655 906 720 iter.

160 744 286 828 accipe,
309 765 373 827 quo
396 743 508 808 tendat
530 743 582 807 rel
604 743 682 827 quid
704 743 784 809 velit
806 744 948 810 ambitus
971 745 1032 810 iste

208 831 376 918 sermonis,
398 853 503 916 neque
527 832 613 896 enim
637 832 725 896 deest
749 854 806 897 sua
829 854 924 898 causa
947 833 1019 899 sibi.

162 942 238 986 nam
261 920 344 986 sicut
366 925 531 1004 nequeunt
554 920 623 984 sine
645 943 778 986 munere
800 922 933 987 numina
955 923 1055 1009 flecti,

207 1009 253 1074 sic
276 1009 344 1074 sine
367 1009 556 1074 muneribus
578 1009 668 1074 nulla
689 1009 799 1094 puella
822 1011 908 1095 capi3

162 1097 412 1182 exemplumque
436 1097 513 1161 mali
537 1098 655 1162 dociles
678 1098 860 1184 imitantur,
883 1121 1037 1185 amorque

207 1186 363 1272 muneris,
386 1190 424 1250 ut
446 1185 557 1251 vendit
579 1191 698 1271 cetera,
721 1188 831 1252 rendit
855 1210 916 1253 ecs.

161 1297 229 1342 non
252 1296 354 1362 genus
377 1279 433 1339 aut
456 1274 593 1341 formam
616 1298 761 1341 moresve
784 1275 920 1361 requirit
943 1278 1081 1344 amentis

207 1363 340 1447 femina3
363 1364 402 1427 de
425 1364 531 1447 pretio
555 1369 604 1430 est
627 1365 773 1449 quaestio
796 1366 902 1449 prima
920 1388 987 1431 suo.

162 1473 230 1517 non
253 1451 396 1536 dantem,
419 1451 475 1516 sed
498 1474 614 1517 munus
637 1457 737 1537 amat,
760 1454 894 1518 metitur
917 1477 1059 1520 amorem

209 1561 250 1604 ex
273 1539 370 1624 dono,
393 1544 550 1623 quantum
573 1541 684 1627 donat,
707 1545 833 1606 amatur
856 1564 974 1607 amans.

163 1626 240 1693 hino
263 1626 404 1712 Spurcae
427 1627 545 1694 vilesco
564 1651 667 1714 meae,
690 1630 764 1715 quia
787 1630 852 1696 iam
875 1631 1029 1718 spoliato,

209 1738 290 1801 quae
313 1716 408 1781 vendi
431 1717 548 1802 possit,
571 1723 620 1783 est
643 1722 721 1806 toga
742 1719 832 1784 nulla
854 1719 943 1785 mihi.

163 1806 215 1871 fac
238 1804 340 1892 igitur
362 1806 474 1872 mittas
496 1805 611 1893 Aldae,
635 1809 722 1893 quod
744 1809 879 1875 fascinet
903 1809 971 1874 eius

135 1948 137 1952 .
210 1895 398 1979 furaturque
421 1896 564 1961 animum
587 1897 800 1982 concilietque
824 1898 900 1982 tibi3

164 1983 389 2067 primitiasque
412 1985 461 2048 tui
484 1985 652 2068 pastillum
675 1989 781 2050 sumat
804 1986 935 2068 amoris,

211 2092 303 2135 omen
327 2071 441 2156 habet,
465 2073 587 2154 poterit
610 2072 732 2137 talibus
754 2070 839 2137 Aldu
862 2073 942 2157 capi.

164 2158 338 2223 verborum
360 2158 522 2224 includam
545 2160 701 2244 quaedam
724 2164 898 2244 tormenta,
921 2183 1085 2248 novosque

238 2392 290 2441 238
308 2402 361 2441 nec
380 2386 456 2442 enim
545 2393 597 2443 245
616 2388 753 2444 ment'tur
771 2405 895 2445 amorem
985 2397 1038 2448 248
1056 2393 1179 2448 rendere

170 2472 255 2525 quam
272 2457 363 2527 possit

213 2676 290 2739 ,233
309 2670 424 2742 loquar]
444 2670 523 2726 locar
543 2671 576 2725 X
600 2703 633 2712 -
658 2672 797 2744 habendi]
815 2673 934 2729 habenti
954 2676 986 2728 X
1008 2707 1042 2715 -
1065 2681 1118 2731 233
1137 2677 1182 2730 di-

167 2742 288 2812 gressio]
308 2741 461 2810 disgressio
480 2743 515 2797 H
540 2773 572 2781 —
602 2747 652 2798 233
672 2761 739 2796 nam
758 2743 831 2798 sicut
848 2746 1004 2818 nequeunt]
1029 2745 1103 2802 sieut
1124 2765 1182 2803 non

169 2813 289 2881 possunt
305 2813 356 2867 Xb
375 2842 409 2853 -
428 2819 479 2867 241
499 2812 726 2886 exemplumque]
747 2815 938 2885 exemplisque
952 2818 987 2872 Η
1001 2848 1036 2859 -
1055 2825 1106 2874 243
1122 2836 1180 2874 mo-

171 2883 262 2955 resve]
284 2882 443 2938 studiumve
462 2886 478 2939 b
497 2916 532 2925 —
552 2891 603 2938 247
624 2883 759 2958 Spurcae]
779 2889 873 2956 spurte
892 2887 927 2942 H
942 2896 967 2944 et
984 2890 1025 2945 aio
1038 2891 1145 2960 passim

166 3019 379 3030 ———...

243 3117 295 3166 233
320 3113 432 3185 loquar]
461 3113 562 3182 loquor
579 3115 607 3169 P
632 3147 666 3156 —
694 3115 831 3188 habendi]
855 3117 975 3173 habenti
1003 3120 1041 3173 W
1066 3151 1099 3161 —
1128 3126 1181 3175 234

172 3182 284 3253 munus]
304 3201 434 3238 nummus
448 3185 476 3239 P
492 3216 525 3227 -
545 3190 597 3240 236
616 3186 766 3259 digressio]
785 3188 946 3258 progressio
967 3190 992 3243 V
1009 3221 1043 3230 -
1063 3196 1114 3246 233
1133 3207 1179 3246 ne-

168 3306 288 3378 queunt]
308 3310 450 3375 nequeant
468 3309 495 3364 L
518 3339 552 3352 -
571 3315 623 3366 242
646 3257 846 3366 mummi)
866 3313 905 3368 W
921 3344 954 3353 -
973 3319 1025 3368 243
1044 3314 1179 3388 amantis]

170 3378 298 3432 amantes
316 3378 343 3432 L
361 3407 396 3419 -
415 3385 467 3434 244
485 3382 529 3434 est
547 3381 676 3449 quaestio
696 3382 788 3452 prima
806 3384 869 3455 suo]
889 3383 1000 3453 questio
1018 3384 1110 3455 prima
1129 3404 1179 3488 sqo

168 3522 212 3574 est
227 3521 255 3575 P
270 3551 304 3562 —
323 3525 375 3603 246
395 3524 505 3575 amatur
519 3524 629 3647 amanq]
645 3527 757 3581 amator
770 3527 848 3580 amat
861 3527 889 3581 P
902 3556 934 3567 -
954 3458 1153 3598 wqqprqfiaqq.
1171 3462 1180 3527 )

174 3591 211 3644 W
230 3622 259 3632 -
281 3596 332 3646 233
352 3591 507 3664 includam]
527 3594 604 3647 rnclu
625 3611 655 3648 as
680 3596 732 3653 Wr

222 3688 296 3731 Aldce
311 3691 436 3740 comoedia,
451 3693 485 3734 ed.
500 3692 663 3744 nonmeyer.
951 3692 966 3742 ὗ
