2672 4052
581 235 801 299 -30-

273 392 471 479 Tragoediae
500 392 550 456 ‘de
574 391 752 476 patricida',
783 413 864 476 quae
892 393 990 480 vulgo
1019 393 1212 478 appellatur

184 480 465 567 Mathematicus,
495 480 567 565 quis
594 480 693 546 fuerit
720 485 832 546 auctor
854 482 933 547 satis
956 485 1006 547 est
1036 482 1208 567 incertum,

184 592 258 635 oum
281 569 344 634 alia
372 569 558 636 testimonia
580 569 809 635 Hildebertum
836 569 899 634 alia
922 570 1122 636 Bernardum
1145 569 1206 636 Sil-

183 662 323 724 vestrem
347 658 410 723 alia
434 658 570 744 denique
590 657 755 724 Serlonem
775 658 998 725 commendent
1013 658 1100 748 (vide
1114 659 1201 724 Hau·

183 749 260 813 reau
274 747 309 811 in
324 747 401 813 ‘not
412 750 444 812 et
455 748 546 812 extr?
562 752 638 813 tom.
649 749 702 831 29,
712 749 742 833 2,
752 769 825 834 pag.
837 748 901 814 341
913 770 981 833 sqq.
998 752 1030 813 et
1041 747 1203 814 Oloettam

183 835 203 901 I.
223 836 243 901 1.
263 858 336 922 pag.
359 832 453 922 114),
481 840 513 901 et
540 858 580 900 ne
604 840 734 920 tempus
758 836 888 920 quidem
911 840 1046 902 constat.
1087 836 1207 921 Neque
1319 845 1320 850 ’

183 947 259 990 vero
284 927 359 1009 post
383 945 464 990 saec.
482 923 551 990 XII.
575 925 656 990 med.
680 924 880 1011 tragoediam
904 947 972 992 ease
995 925 1115 991 editam
1133 925 1204 990 imi·
1319 945 1320 948 ’

183 1013 265 1078 tatic
290 1013 382 1078 docet
405 1012 506 1078 Aldae
531 1012 727 1099 comoediae,
751 1014 789 1079 cf.
809 1036 834 1078 e.
854 1036 899 1100 gn

182 1101 335 1168 Mathem.
356 1105 437 1167 cant.
458 1102 529 1186 VH,
547 1104 590 1169 48

252 1190 372 1274 ‘accipe
397 1213 461 1275 quo
485 1192 633 1275 tendant,
657 1191 735 1275 quid
758 1212 829 1255 mea
852 1191 952 1256 verba
974 1191 1087 1256 relint’

182 1277 255 1344 Alo.
275 1280 339 1345 237
352 1301 398 1363 sq.

251 1367 371 1452 ‘accipe
396 1389 459 1452 quo
483 1368 609 1453 tendat,
632 1366 684 1432 vel
708 1367 785 1451 quid
808 1367 887 1433 velit
911 1368 1054 1434 ambitus
1076 1367 1138 1434 iste

275 1456 463 1522 sermoms'
488 1508 494 1521 .
519 1509 525 1521 .
551 1508 557 1521 .

182 1598 334 1665 Mathem.
354 1597 440 1683 VIII,
459 1600 500 1663 41

250 1687 318 1752 ‘sed
341 1687 481 1752 moriens
505 1709 566 1772 ego
589 1709 655 1751 non
678 1687 797 1752 moriar
820 1690 972 1772 totusque
996 1692 1162 1772 superstes

293 1778 383 1839 totus
408 1779 440 1838 et
464 1774 497 1839 in
521 1774 579 1839 tali
602 1775 693 1859 prole
717 1778 848 1840 renatus
871 1776 938 1841 ero'

182 1861 255 1928 Aru.
275 1864 342 1929 440

295 1953 439 2037 ‘totaque
461 1973 528 2016 non
550 1951 687 2037 poteris,
710 1973 783 2016 cum
807 1952 957 2037 moriere,
980 1953 1075 2019 mori:

249 2040 356 2106 vivam
380 2041 523 2106 servabis
546 2045 603 2106 tua
625 2046 659 2106 te
681 2044 757 2125 post
779 2042 859 2126 feta,
883 2042 1009 2127 tibique

294 2130 367 2214 ipsa
390 2130 439 2194 tui
462 2152 580 2216 magna
601 2135 692 2215 parte
716 2134 880 2214 superstes
904 2130 978 2196 eris'

183 2218 304 2282 ibidem
323 2220 366 2283 90

251 2306 359 2391 ‘inque
384 2328 455 2370 mea
477 2307 618 2372 moriens
642 2307 743 2391 stirpe
766 2312 931 2391 superstes
955 2308 1021 2373 ero’

182 2448 334 2512 Mathem.
353 2445 408 2533 XI,
427 2450 447 2513 3

182 2535 422 2691 Ald‘alsfficiens
445 2535 547 2623 igitur
568 2539 678 2600 tantae
702 2536 856 2603 miracula
879 2539 1014 2604 formae'

250 2712 438 2778 ‘sollicitant
461 2713 623 2798 Pyrrhum
646 2719 756 2780 tantae
779 2715 933 2781 miracula
955 2717 1088 2782 formae’
1115 2717 1153 2781 al.

609 2833 769 2841 —.-——

271 2871 477 2957 Aliquotiens
496 2895 569 2938 cum
586 2874 759 2958 Pamphilo
778 2874 938 2940 consentit
956 2872 1058 2938 Aldae
1077 2894 1199 2938 comoe-

183 2960 243 3046 dia,
267 2961 323 3026 sed
345 2962 405 3045 ita,
428 2965 465 3026 ut
484 2962 522 3026 de
545 2962 726 3029 imitatione
746 2963 888 3028 dubitari
907 2964 1010 3046 queat.
1047 2960 1198 3028 Fortasse

182 3054 290 3114 autem
309 3049 371 3114 hoc
389 3048 516 3115 Iahnkii
536 3049 631 3139 (com.
650 3052 762 3117 Horat.
777 3072 849 3137 pag.
865 3053 917 3136 27,
930 3053 997 3115 not.
1018 3047 1053 3138 1)
1073 3056 1198 3118 senten·

183 3241 267 3312 lapsu
293 3241 407 3298 ridetur
425 3244 499 3312 crta)
526 3259 583 3298 non
610 3259 671 3299 esse
700 3242 731 3297 id
754 3242 830 3312 quod
859 3241 961 3313 ‘lusus,
985 3243 1095 3300 trrirus’
1122 3243 1197 3313 (vide

182 3312 381 3369 Muellenbach
394 3315 412 3370 l.
422 3313 441 3368 1.
457 3316 486 3369 44
495 3313 619 3370 Huemer
632 3315 663 3370 in
675 3314 764 3370 ‘Neue
773 3312 910 3384 philolog.
924 3314 1106 3371 Rundschau'
1121 3320 1196 3394 1486,

182 3400 255 3468 pap·
268 3387 333 3469 44)‚·
351 3385 401 3439 sed
424 3387 585 3455 corruptam
607 3387 653 3441 vel
671 3384 768 3457 potius
792 3385 888 3468 versui¹
903 3386 1070 3458 adaptatam
1088 3387 1197 3456 patriae

182 3454 418 3582 {rufianus
433 3457 738 3584 „saturantem
760 3456 1068 3597 taatrennu
1084 3455 1196 3582 aas

183 3595 247 3652 diae
266 3596 368 3652 titulus
388 3600 590 3670 exprimeretur
608 3602 638 3654 et
655 3546 765 3671 patritie
780 3573 891 3678 mantii>
910 3599 996 3654 fieret.
