2672 4052
531 226 750 291 ,13-

134 383 320 468 exemplum
343 404 451 467 suum,
474 384 567 469 quale
590 384 702 469 fuerit,
730 384 892 471 depingit,
918 390 957 450 ut
983 385 1148 452 subtilitas

132 473 205 558 ipsa
229 476 261 536 et
286 471 466 558 diligentia,
495 495 591 556 quam
619 472 652 537 in
681 472 889 539 describendo
918 475 1080 560 adhibuit,
1108 498 1148 540 ne

133 560 258 626 auctori
277 560 472 645 diffidamus,
495 561 663 626 admovere
681 583 741 627 nos
760 562 883 627 debeat.
920 563 1009 629 Haec
1028 564 1067 628 de
1085 564 1148 629 fide

133 654 250 735 poetae
274 649 433 714 sententia
455 649 651 734 firmabitur,
682 650 710 715 si
738 654 860 716 ceteras
883 651 982 716 medii
1005 653 1075 717 aevi
1098 675 1148 718 co·

133 737 289 821 moedias,
313 759 394 822 quae
418 738 457 802 de
480 737 606 824 origine
631 760 688 803 sua
711 739 834 823 aliquid
857 741 1041 827 proferunt,
1064 763 1147 807 com·

133 826 359 912 paraverimus.
400 825 598 892 Fabularum
631 827 738 892 fontes
767 832 896 911 praeter
923 827 1041 894 Aldam
1068 830 1148 894 indi-

133 919 247 980 cantur
283 915 318 979 in
345 914 465 979 Vitalis
493 913 674 1000 Aulularia,
710 916 868 982 Matthaei
899 917 1148 984 Vindocinensis

132 1003 267 1086 Milone,
290 1002 420 1068 Ricardi
433 1003 591 1069 Venusini
611 1004 650 1068 de
664 1005 800 1069 Paulino
820 1009 853 1069 et
866 1006 959 1070 Polla
973 1007 1146 1072 comoedia.

7 1103 19 1121 “
132 1093 237 1158 Nemo
266 1092 344 1156 dum
371 1091 533 1156 dubitavit
560 1093 599 1157 de
626 1092 689 1157 fide
716 1091 903 1158 Aululariae
930 1095 965 1159 in
995 1095 1035 1159 iis
1064 1117 1147 1180 quae

133 1181 171 1246 de
190 1181 308 1245 Plauto
327 1181 347 1244 i.
362 1203 387 1245 e.
403 1179 542 1258 Querolo
561 1181 772 1266 explicantur,
791 1185 862 1246 tum
880 1182 1036 1249 Milonem
1060 1183 1147 1269 apud

132 1291 246 1334 omnes
273 1273 400 1334 constat
427 1269 560 1335 fluxisse
583 1292 623 1334 ex
651 1270 759 1355 aliqua
786 1271 1072 1336 innumerabilium
1096 1271 1147 1338 ‘de

134 1359 273 1444 vestigio
301 1358 420 1423 leonis'
435 1356 460 1445 ¹)
487 1359 726 1444 narrationum,
754 1381 835 1444 quae
865 1358 1147 1445 Constantinopoli

132 1447 239 1532 ipsam
261 1447 406 1512 fabulam
436 1451 541 1512 actam
564 1469 632 1512 esse
655 1448 830 1534 notaverit,
859 1449 995 1533 denique
1018 1449 1147 1514 Paulini

133 1539 166 1600 at
187 1535 298 1600 Pollae
321 1537 401 1620 fata,
428 1557 624 1620 quamquam
646 1535 725 1600 haec
748 1536 913 1601 comoedia
940 1537 1043 1601 multo
1071 1542 1147 1621 post

133 1624 255 1708 scripta
274 1629 307 1689 et
325 1624 407 1688 alius
426 1624 610 1710 argumenti
629 1624 735 1689 minus
754 1625 817 1689 huc
836 1625 981 1710 quadrat,
1004 1648 1023 1689 a
1041 1630 1147 1711 poeta,

132 1712 189 1797 qui
207 1713 278 1797 ipse
297 1734 334 1777 ea
352 1712 481 1797 viderit,
501 1734 569 1778 esse
583 1717 713 1778 narrata
727 1717 850 1778 certum
865 1717 922 1779 est.
958 1714 1040 1780 Eius
1058 1715 1147 1780 modi

132 1806 241 1866 autem
259 1801 446 1867 testimonia
465 1802 581 1867 desunt
599 1801 634 1866 in
651 1800 900 1887 Amphitryone,
919 1803 1068 1887 Baucide,
1085 1803 1148 1868 Mi·

133 1890 191 1954 lite
215 1890 371 1977 glorioso,
393 1891 509 1976 Lydia,
536 1890 721 1976 Pamphilo,
748 1891 894 1957 Babione
918 1891 1091 1957 comoediis
1114 1895 1147 1958 et

134 1978 169 2042 in
191 1978 381 2066 tragoediis,
409 2001 490 2063 quae
517 1979 614 2044 nobis
641 1984 736 2044 notae
765 1984 853 2064 sunt,
882 1978 967 2044 unde
994 2002 1060 2044 non
1087 2001 1148 2045 usu

134 2067 275 2151 quodam
297 2067 476 2133 necessario
496 2072 625 2133 coactos
642 2072 756 2150 poetas
774 2067 853 2132 haec
871 2067 1062 2133 confinxisse
1087 2069 1149 2132 ccl-

134 2156 233 2242 ligas,
256 2156 312 2220 sed
336 2156 411 2240 quia
431 2178 511 2240 quae
531 2156 569 2220 de
588 2155 735 2220 fontibus
750 2155 854 2221 dicere
868 2161 1011 2242 possent,
1032 2159 1148 2221 notatu

134 2244 232 2330 digna
255 2244 295 2310 iis
317 2245 518 2309 videbantur.

221 2333 334 2419 Itaque
356 2333 503 2399 nonnulli
527 2333 624 2398 aliam
641 2333 727 2398 viam
744 2333 882 2420 ingressi
896 2334 993 2399 fidem
1006 2333 1147 2399 auctoris

133 2443 259 2487 servare
283 2426 494 2508 accurateque
512 2423 612 2487 verba
630 2423 838 2506 interpretari
857 2423 964 2488 conati
983 2427 1068 2506 sunt,
1091 2422 1148 2488 sed

131 2510 239 2576 minus
263 2511 413 2596 feliciter,
435 2511 536 2576 veluti
560 2511 603 2575 du
625 2510 729 2596 Me‘ril,
752 2510 829 2576 dum
851 2511 985 2576 titulum
1008 2511 1146 2596 fabulae,

134 2621 231 2683 quam
259 2603 357 2684 poeta
385 2599 583 2683 adhibuerit,
614 2599 793 2664 instaurare
824 2603 964 2684 temptat
991 2598 1146 2664 vertendo

133 2689 232 2752 verba
255 2687 409 2753 ‘mascula
430 2689 535 2775 virgo'
559 2711 576 2752 e
598 2687 700 2752 latina
722 2710 833 2754 rursus
860 2688 894 2753 in
917 2710 1065 2774 graecam
1088 2689 1146 2752 lin·

204 2884 232 2951 1)
250 2880 320 2935 Milo
338 2898 396 2936 non
414 2897 448 2936 ex
466 2897 569 2951 graeca
587 2879 715 2936 versione
734 2879 800 2935 libri
815 2879 974 2948 Sandabad,
993 2879 1039 2934 cui
1053 2881 1096 2934 eet
1110 2878 1146 2934 ti-

132 2951 209 3006 tulus
224 2953 376 3018 Συντίπας,
395 2951 534 3022 originem
553 2953 655 3006 ducere
672 2951 778 3021 potuit,
798 2951 875 3020 quod
892 2950 989 3021 posuit
1006 2951 1143 3006 Mueller-

132 3021 205 3075 bach
219 3027 295 3091 (pag.
312 3027 371 3094 16);
386 3023 428 3078 ibi
441 3023 517 3078 enim
530 3039 579 3078 rex
592 3021 728 3092 relinquit
742 3023 817 3092 apud
832 3023 953 3077 amicam
972 3022 1096 3090 anulum,
1115 3021 1146 3076 in

131 3091 237 3146 Milone
251 3096 350 3176 contra
366 3096 426 3177 ‘rex
440 3094 501 3149 abit
515 3094 619 3150 oblitus
630 3093 779 3149 solearum'
791 3093 950 3176 (cf.yv.141
962 3096 1052 3174 et149
1064 3095 1145 3174 qulv

131 3167 417 3292 dicaam‘libibmdbolldi
436 3166 572 3306 efpgrpppsr'
585 3164 822 3306 liiidilhsand'ad·
836 3179 1039 3300 ‘Muelleerrilodlees
1050 3163 1146 3288 lidid-

131 3307 256 3361 merone’
280 3324 345 3377 pag.
367 3312 411 3370 15)
435 3307 517 3363 etin
540 3305 637 3362 multis
661 3306 775 3362 fabellis
799 3304 924 3375 gallicis,
947 3321 1017 3375 quas
1041 3304 1145 3361 allatas

130 3377 523 3504 ffffexngbiffldfflsslbeilum
532 3379 629 3433 Keller
638 3377 817 3502 (liltonlrlans
831 3377 960 3502 ‹legisxept
974 3377 1067 3503 evages’
1078 3394 1145 3501 pag.

132 3518 283 3575 deutschen
297 3449 1145 3590 lhilololglinmiilnsdlriilriianhdreluililoesrtock’liiag.edl⁰)ln(111iri

129 3591 160 3644 et
177 3589 281 3661 Apulei
303 3591 361 3663 (IX,
378 3593 494 3663 17-21)
513 3593 542 3647 et
560 3591 881 3663 Aristacnati(ep.1,5)
898 3590 975 3646 locos
989 3591 1144 3660 comparat.
1203 3594 1205 3600 ’
