2672 4052
575 269 795 335 -33-

175 423 378 516 Hippolytus
397 427 535 494 Loiseeu
553 426 675 493 amicus
693 417 774 492 mihi
794 426 938 492 omnium
956 449 1116 513 versuum,
1135 429 1192 514 qui

173 516 237 581 huc
255 515 431 601 pertinent,
445 516 660 604 apographon
674 519 859 581 accuratum
873 516 1080 601 comparavit.
1109 516 1192 584 Sunt

173 608 282 670 eutem
304 627 353 670 vv.
373 606 416 672 98
441 609 474 670 et
496 604 693 672 hexametris
717 608 750 669 et
773 608 877 670 metro
902 604 1044 692 elegiaco
1063 628 1192 691 compo-

173 693 243 778 siti,
271 693 306 759 in
334 694 454 779 quibus
468 695 521 760 .35
549 716 590 759 ex
612 693 685 779 ipsa
706 691 809 758 Aldae
832 693 997 760 comoedia
1020 694 1192 780 desumpti.

173 781 283 868 Atque
306 782 358 848 his
382 782 513 867 quidem
536 783 619 866 iure,
646 782 712 848 illis
736 781 854 848 iniuria
876 780 979 847 Aldae
1002 782 1119 850 titulus
1142 789 1193 849 est

172 871 315 957 additus,
342 893 418 938 nem
446 893 520 937 cum
546 871 713 936 Parisinus
736 871 821 936 liber
849 870 892 936 sit
919 872 1084 956 exemplar
1108 873 1192 939 dete·

172 960 240 1026 rius
248 957 274 1046 ¹)
298 959 459 1049 florilegii,
483 960 570 1046 quod
587 963 721 1026 vocatur
734 959 903 1026 Poleticon
917 959 1005 1048 (vide
1019 961 1104 1026 infra
1117 983 1192 1048 pag.

171 1049 216 1116 45
231 1046 325 1135 sqq),
344 1048 454 1135 itaque
474 1071 585 1114 omnes
603 1048 638 1114 in
656 1048 713 1115 illo
733 1071 844 1115 versus
863 1047 897 1115 in
916 1048 1031 1115 ceteris
1050 1049 1194 1117 eiusdem

172 1137 373 1204 collectionis
397 1141 506 1203 extare
526 1138 679 1222 debeant,
707 1137 947 1224 comparatione
970 1137 1123 1205 instituta
1147 1161 1193 1204 er-

171 1248 277 1292 rorem
301 1249 370 1291 csse
394 1248 432 1292 eo
456 1230 564 1293 ortum
586 1227 680 1292 focile
704 1226 919 1328 cognoscitur,
943 1227 1030 1312 quod
1053 1250 1093 1293 ex
1116 1228 1193 1293 alio-

171 1337 244 1381 rum
267 1315 445 1382 carminum
463 1315 571 1381 titulis
589 1315 816 1401 compendiose
836 1315 967 1400 scriptis
986 1316 1194 1383 librariorum

173 1403 377 1491 indiligentia
404 1404 527 1471 fectum
555 1409 604 1471 est
627 1403 730 1470 Aldae
757 1425 883 1470 nomen.
920 1404 965 1470 Et
992 1427 1027 1470 re
1055 1427 1130 1472 vere
1153 1427 1193 1470 ex

171 1491 431 1579 Alexandreidis,
459 1515 534 1559 nam
563 1494 601 1559 de
628 1494 690 1559 hoc
718 1492 858 1558 carmine
886 1492 1048 1578 imprimis
1075 1494 1193 1581 agitur,

171 1596 1194 1777 cecicures}crescemuscc

171 1775 235 1840 alio
259 1776 399 1842 carmine
426 1777 555 1864 legatur
582 1799 693 1844 versus
720 1776 929 1863 relinquitur,
955 1799 1060 1864 neque
1089 1782 1126 1843 ut
1154 1778 1192 1843 de

171 1864 323 1931 omnibus
337 1865 407 1930 fuse
422 1888 556 1953 agamus
571 1888 654 1952 opus
674 1869 732 1931 est.
769 1864 829 1930 Illo
847 1869 976 1932 tantum
996 1889 1077 1952 quae
1092 1866 1193 1932 edidit

170 1950 317 2108 pllclpilius
344 1955 527 2042 fragmenta
549 1954 590 2022 ad
621 1977 714 2021 veros
744 1958 891 2020 auctores
919 1954 1084 2021 reduxisse
1113 1956 1192 2021 satis

197 2065 216 2108 e
241 2065 287 2109 eo.

237 2155 315 2286 papi
331 2134 397 2199 424
428 2132 551 2200 ‘omnes
577 2155 630 2200 res
657 2133 768 2200 venae'
792 2155 858 2219 eqs.
881 2137 958 2199 sunt
979 2131 1188 2200 Alexandrei-

307 2219 469 2308 ·s³)V111,
488 2224 666 2290 332-334
690 2226 722 2288 et
746 2223 936 2307 391-4033

238 2331 312 2396 pag.
331 2312 406 2395 424,
424 2314 491 2376 not.
512 2314 532 2376 6
560 2311 713 2377 ‘volvitur
740 2311 886 2376 instabili
914 2309 1017 2376 motu’
1036 2350 1080 2359 —
1100 2312 1190 2379 ‘sem-

242 2427 258 2500 p
278 2420 343 2500 ⁸per
366 2402 451 2464 stare
475 2398 589 2486 gredu’
609 2431 652 2454 =
670 2397 843 2465 Alexandr.
862 2398 918 2484 IX,
937 2401 1128 2487 525-527;

239 2487 361 2553 1b1dem
385 2487 441 2572 qui
465 2491 618 2607 secuntur
640 2486 907 2607 sunt‚Alexandr.
926 2486 981 2573 IX,
1001 2490 1065 2555 309
1081 2512 1151 2607 scpq.

240 2576 739 2766 paplgixlgzdpropxycgrngpvblcpgpp33
759 2615 803 2625 —
834 2577 977 2644 solamen
1000 2578 1114 2644 haben
1148 2609 1191 2634 --

238 2753 721 2928 lblddffdsillsudldelfflsnddtas’
745 2793 790 2803 —
813 2755 896 2843 ‘lege
919 2754 1036 2821 fidelis'
1056 2787 1097 2810 ε
1116 2756 1191 2823 Ale-

244 3001 271 3070 1)
290 2999 425 3056 Emestur
454 3001 541 3072 Vcigt
569 3017 680 3072 quoque
708 2999 812 3057 litteris
833 3001 869 3057 ad
894 3017 939 3057 me
959 3000 1034 3056 datis
1054 3000 1190 3074 codicem,

170 3085 256 3140 quem
274 3070 614 3200 illdridixriiulrs'iditrdludiiold
624 3088 695 3199 seduli³
705 3070 1035 3199 uideliltersewillldeedides
1085 3144 1142 3201 uod
1160 3145 1191 3200 in

172 3213 232 3270 cod.
243 3144 396 3270 ltonnensi
410 3219 471 3284 220,
490 3213 538 3271 fol
554 3211 622 3271 eceb
640 3161 833 3284 fragmedtum
850 3213 931 3296 illud,
950 3214 1027 3283 quod
1037 3187 1062 3270 ’e
1085 3215 1138 3271 'dit
1153 3215 1191 3272 du

170 3283 254 3340 Meril
267 3301 306 3355 pa
328 3289 409 3354 ΑΜ,
428 3284 534 3356 legitur
551 3303 616 3341 cum
633 3285 817 3356 inscriptione
836 3288 957 3341 mimate
975 3285 1063 3340 ‘Aldu
1081 3286 1117 3342 de
1132 3303 1190 3342 am·

171 3354 285 3410 bicione
321 3355 494 3426 'gnitatumt
523 3355 593 3412 (tum
603 3357 639 3413 ab
649 3356 694 3411 hie
708 3355 802 3412 verbis
818 3356 866 3412 ‘de
881 3356 967 3412 amb!
984 3373 1042 3426 eqs.
1070 3356 1192 3413 Poletici

171 3425 221 3480 lib.
247 3426 268 3496 Ι,
287 3443 348 3510 cap.
368 3426 442 3483 CXX
460 3427 592 3554 incipiat,
615 3426 771 3512 Bonnensis
789 3427 863 3483 hunc
880 3427 1052 3499 particulam
1071 3443 1087 3482 e
1114 3428 1191 3484 malo

172 3496 250 3552 illius
269 3496 360 3555 florrle
421 3514 501 3555 exem
534 3516 576 3555 an
593 3498 707 3555 fluxisse
726 3498 886 3556 concludas.

244 3573 272 3636 8)
290 3569 345 3651 M..
377 3569 481 3641 hilippi
501 3517 651 3627 duurheri
680 3570 716 3626 ab
739 3569 842 3626 Insulis
866 3569 935 3625 dicti
961 3569 996 3626 de
1020 3569 1193 3628 Castellione

174 3638 361 3698 Alexandreia
380 3641 522 3699 recensuit
540 3641 570 3698 Ρ.
589 3641 622 3698 Α.
641 3641 687 3698 W.
705 3641 879 3712 Mueldener‚
900 3647 977 3698 186³.
1082 3655 1084 3662 ’
