2672 4052
553 204 766 269 ..63..

152 363 221 428 eius
244 384 341 448 opem
362 362 508 448 Pyrrhus
530 362 685 446 implorat
708 363 802 448 eique
826 362 946 428 doloris

196 451 340 516 insinuas
364 473 492 516 causam
515 451 747 536 materiamque
771 451 829 516 sui.

152 539 289 624 Spurius
311 541 391 605 haec
414 562 533 605 secum:
558 540 683 626 ‘vigila,
706 541 791 605 bone
814 539 977 625 Iuppiter,
999 539 1062 606 iste
1168 527 1224 602 im

197 633 234 693 ui
257 628 304 694 sic
326 628 361 693 in
382 628 517 715 longum
541 629 585 693 sit
608 630 810 713 cerebrosus,
833 630 906 716 age!

151 738 239 782 nuno
261 717 329 782 sine
352 717 471 783 furtiva
494 718 575 782 olavi
598 717 679 783 mihi
702 721 817 782 cuncta
840 718 1017 802 patebunt,

196 827 282 870 nunc
305 805 422 871 saliem
445 807 567 890 poterit
591 805 728 891 Spurius
751 829 820 872 esse
844 811 941 870 saiur.

151 915 238 960 nunc
261 917 344 979 opus
367 900 437 960 arte
460 917 556 979 nova,
580 894 691 980 Spuri,
713 895 790 980 ribi3
813 894 951 979 discute,
974 894 1084 980 Spuri,

197 983 334 1069 discute,
357 1005 439 1068 quae
463 985 629 1049 stomacho
652 989 745 1071 grata
768 985 812 1048 sii
835 1006 907 1048 esca
930 987 995 1049 iuo.
1185 1001 1224 1041 200

150 1094 236 1138 nunc
261 1072 447 1138 redimenda
469 1071 532 1137 tibi
555 1073 687 1157 ieiunia,
709 1077 743 1137 ie
766 1073 886 1157 quibus
909 1072 988 1136 olim

196 1161 306 1226 affecit
330 1160 451 1226 domini
474 1183 572 1245 parca
595 1183 745 1227 crumena
768 1161 838 1226 tui'.
861 1199 905 1208 —

151 1248 250 1334 ‘pone
272 1255 409 1335 metum,
431 1249 569 1335 Pyrrhe,
592 1250 692 1337 vigilo
716 1249 801 1334 tibi',
824 1249 961 1334 Spurius
983 1248 1103 1333 inquit,

197 1338 359 1403 ‘effectum
380 1339 467 1404 vocis
490 1339 656 1404 associabo
680 1339 754 1404 tuis.

151 1425 299 1491 auditore
323 1448 433 1491 carens
457 1427 553 1491 docili
577 1427 722 1492 doctrina
745 1426 893 1513 magistri

197 1514 327 1601 ingrata
349 1519 382 1579 et
405 1515 508 1579 sterili
532 1515 654 1580 semina
676 1515 784 1599 perdit
805 1516 914 1579 humo.

152 1625 213 1687 par
235 1603 385 1688 idemque
407 1626 496 1668 meae
519 1602 614 1668 labor
637 1603 715 1669 ariis
739 1604 814 1687 erit,
836 1603 899 1668 nisi
922 1607 992 1668 tota

197 1691 300 1757 instes
323 1691 457 1757 consilio
481 1692 671 1758 creduliiaie
694 1693 786 1758 meo’.

153 1781 338 1866 ‘praecipe',
360 1781 505 1866 Pyrrhus
528 1782 587 1866 ait,
611 1781 699 1866 ‘quia
722 1803 794 1846 sum
816 1803 929 1866 parere
952 1785 1099 1866 paratus,

197 1871 321 1954 pendeo
346 1870 384 1935 de
407 1871 498 1935 iussu
521 1870 719 1955 consilioque
743 1870 821 1934 tuo’.
1183 1887 1222 1926 210

150 1957 257 2022 lactus
280 1958 422 2023 adhaec
446 1981 568 2024 servus:
591 1959 703 2043 ‘nosii,
726 1980 807 2041 puer
831 1957 967 2041 optime,
988 1957 1090 2042 nosti,

199 2068 323 2130 omues,
345 2047 418 2130 ipss
442 2046 540 2110 eiiam
562 2045 709 2132 numina,
732 2067 849 2110 munus
873 2045 959 2110 cmii.
1156 2060 1161 2135 q

154 2133 301 2218 quisquis
325 2134 475 2198 eonciliai
497 2133 561 2198 sibi
584 2155 716 2198 mimere
738 2133 887 2218 numina,
910 2133 1023 2198 surdos

227 2331 277 2380 197
296 2342 353 2381 non
372 2324 433 2380 sine
506 2332 557 2382 199
575 2325 631 2381 tibi
649 2324 732 2397 Spuri
808 2331 860 2380 212
880 2324 990 2393 scieque
1009 2326 1086 2394 quod
1103 2325 1169 2396 ipsa

154 2395 242 2451 etiam
258 2395 375 2451 numina
392 2414 493 2451 munus
511 2398 609 2452 amant
680 2402 732 2453 213
750 2395 868 2452 numina
886 2412 1000 2451 munere

226 2579 276 2630 196
304 2573 444 2646 Iuppiter]
471 2573 577 2644 iupiter
599 2575 666 2630 libri
688 2580 713 2630 ct
739 2575 780 2629 sic
801 2589 904 2642 semper
931 2605 966 2614 -
995 2578 1046 2628 198
1074 2574 1165 2645 satur]

154 2662 231 2748 satir
250 2685 329 2737 satur
347 2682 382 2736 H
396 2713 431 2722 -
450 2687 502 2736 210
520 2680 643 2751 pendeo]
663 2679 785 2749 pendere
804 2680 842 2733 Μ
858 2710 891 2720 -
911 2685 962 2734 212
982 2680 1090 2751 omnes]
1111 2696 1168 2733 om-

153 2752 232 2807 nisb
257 2784 290 2794 -
314 2751 396 2824 emit]
416 2754 485 2807 eunt
502 2752 536 2805 H
561 2781 594 2791 -
623 2757 675 2805 213
694 2749 841 2821 conciliat]
860 2749 1027 2806 conciliato
1051 2781 1083 2790 -
1107 2768 1168 2804 mu·

155 2838 223 2877 nere
240 2823 369 2895 numina]
389 2823 506 2876 numina
523 2837 638 2876 munero
657 2824 673 2876 b

227 3004 278 3054 193
303 3000 372 3054 Eius
397 3002 460 3070 (litt.
480 3001 542 3055 icit.
562 3000 638 3055 rubr.
662 3005 688 3054 et
705 2999 804 3068 nmior)
827 2997 854 3052 V
877 3028 913 3039 -
939 2997 1085 3071 implorat]
1115 2998 1167 3052 im-

154 3070 266 3140 plorare
286 3071 312 3124 V
327 3103 362 3112 -
380 3073 412 3126 ia
430 3072 457 3126 L
476 3071 525 3125 hoc
543 3072 600 3126 loco
617 3071 743 3138 faramea
760 3074 891 3140 quattuor
908 3070 964 3136 sere
982 3071 1096 3124 lineolae
1114 3086 1166 3124 me-

154 3143 217 3197 dias
245 3142 346 3210 explet,
374 3143 447 3211 qaod
473 3143 530 3208 fait
553 3146 616 3196 aare
638 3159 719 3196 asam
742 3141 869 3208 librarii,
894 3145 985 3196 taurea
1009 3142 1041 3194 ia
1058 3145 1167 3194 coatra-

154 3213 251 3267 hcadis
269 3213 391 3267 amabas
413 3213 504 3268 omisit
526 3214 572 3268 ille
594 3215 681 3268 araas
702 3228 795 3267 veram
818 3214 896 3279 (195)
921 3213 1024 3265 castam
1052 3242 1085 3250 -
1115 3217 1165 3265 196

153 3283 238 3354 hacc]
256 3282 311 3338 hoc
329 3282 356 3336 L
379 3313 413 3322 -
441 3289 490 3338 197
508 3301 566 3338 non
585 3283 658 3364 sine]
677 3299 751 3336 nunc
770 3281 830 3336 sine
849 3282 919 3337 coci.
939 3281 977 3335 M
994 3312 1027 3322 -
1051 3281 1166 3353 cuncta]

155 3355 241 3409 conia
265 3354 303 3407 W
319 3382 353 3394 -
375 3359 424 3408 198
442 3353 549 3422 poterit
568 3353 696 3425 Spurius]
716 3351 833 3423 Spurius
855 3351 963 3421 poterii
986 3352 1042 3406 Wr
1061 3383 1093 3392 -
1114 3357 1167 3407 200

153 3429 204 3479 tuo
224 3441 313 3495 poeria
331 3426 444 3480 evacuit
461 3426 493 3479 in
514 3426 539 3478 V
560 3456 593 3466 -
619 3423 839 3493 201tequibus
872 3424 902 3476 ie
921 3421 1000 3477 cibus
1015 3423 1042 3476 L
1060 3453 1094 3463 —-
1114 3430 1165 3477 203

154 3495 232 3550 Pone
250 3496 284 3578 (P
301 3497 376 3552 rubr.
396 3502 421 3550 et
438 3497 540 3563 maior)
566 3496 591 3547 V
617 3528 650 3536 -
679 3501 732 3551 205
751 3493 836 3549 docili
869 3491 969 3549 docilis
993 3493 1033 3549 W
1051 3524 1085 3534 -
1114 3499 1166 3548 208

155 3567 336 3639 creduhtsie]
356 3565 525 3623 crudelitate
548 3566 587 3621 W
