2672 4052
575 213 770 276 ,9-

162 373 227 436 huc
239 370 374 436 lumina'
389 369 487 458 (Ecce
505 371 574 435 tua!
593 369 751 435 advertas'
765 365 914 456 Wright)
932 367 1059 433 nullum
1073 391 1177 433 exem-

163 460 256 545 plum
279 459 483 524 inveniatur?
562 468 565 473 ’

253 548 423 612 Praeterea
442 547 621 614 Guilelmus
637 547 823 633 theologiae
842 546 966 631 studiis,
984 550 1022 611 ut
1041 568 1100 631 par
1119 550 1177 632 est,

164 657 298 721 operam
316 635 411 700 dedit.
448 635 499 701 lta
516 636 614 700 Petro
634 639 763 700 auctore
783 635 847 724 (ep.
868 633 926 720 93)
949 636 1125 700 ‘sermones
1145 638 1177 699 et

164 725 228 790 alia
259 725 461 811 theologicae
489 723 653 790 facultatis
681 724 790 807 opera’
824 726 1062 808 composuerat,
1095 745 1177 808 quae

164 813 301 878 ‘utinam
325 813 475 878 diffusius
504 817 612 878 essent
640 834 676 878 ac
707 813 867 877 celebrius
890 811 1068 897 publicata'
1092 812 1178 876 idem

164 902 331 967 desiderat.
368 900 477 987 Atque
505 902 540 966 in
567 924 616 986 ep.
644 900 825 985 posteriore
848 899 922 989 (76)
950 901 1053 965 amico
1082 900 1178 964 alicui

163 990 363 1078 theologiam
385 991 573 1077 neglegenti
597 989 783 1074 exemplum
801 989 957 1074 proponit
979 989 1098 1075 fratris,
1122 988 1178 1073 qui

163 1079 319 1144 iacturam
342 1080 500 1163 temporis
528 1080 562 1144 in
590 1079 769 1144 scribendis
796 1078 972 1165 tragoediis
1000 1082 1033 1142 et
1056 1099 1179 1143 comoe-

164 1168 225 1232 diis
263 1168 447 1253 consumpti
487 1167 610 1233 salubri
643 1167 807 1232 doctrinae
844 1167 991 1232 caelestis
1024 1166 1177 1231 exercitio

164 1256 259 1341 plane
282 1255 551 1343 restauraveritl).
588 1256 694 1322 Hodie
716 1257 834 1321 horum
854 1277 997 1341 operum,
1022 1259 1179 1340 quantum

165 1345 327 1428 inquirere
351 1345 460 1431 potui,
482 1368 542 1410 nec
563 1346 638 1410 vola
661 1349 751 1410 extat
774 1367 833 1410 nec
856 1344 1039 1430 vestigium.

238 1557 264 1622 1)
284 1555 386 1608 Postea
415 1554 501 1608 etiam
524 1553 694 1610 Guilelmum
717 1553 824 1623 passim
848 1553 991 1609 adiuvisse
1017 1552 1048 1607 in
1074 1551 1178 1608 litteris

166 1624 283 1678 fratrem
302 1623 430 1678 videmus
449 1640 482 1678 ex
502 1641 545 1694 ep.
562 1632 594 1681 77
616 1623 694 1678 ‘libri
712 1624 768 1679 mei
788 1625 835 1694 [de
852 1623 1017 1694 praestigiis
1035 1624 1178 1696 fortunae]

166 1694 307 1764 siquidem
327 1695 419 1764 prima
432 1711 499 1764 pars
514 1711 532 1748 a
549 1695 687 1766 magistro
701 1695 845 1750 Willelmo
864 1695 951 1751 fratre
970 1711 1034 1750 rneo
1053 1697 1180 1750 correcta

165 1767 222 1832 est;
246 1766 296 1820 sed
316 1765 384 1834 quia
401 1765 502 1835 timeo,
525 1783 561 1821 ne
586 1767 623 1821 sit
640 1765 834 1835 indulgentior
851 1766 935 1834 mihi,
959 1767 984 1821 si
1007 1764 1076 1834 quid
1094 1765 1125 1819 in
1144 1782 1178 1820 eo

164 1834 299 1892 vitiosum
314 1837 467 1905 invenerit,
481 1853 595 1907 precor,
614 1839 647 1892 ut
662 1838 697 1892 ab
712 1837 795 1892 initio
809 1840 902 1892 totum
916 1837 1098 1906 diligentiore
1113 1853 1180 1890 cura

164 1908 328 2034 (ricotprratis,
354 1910 493 1976 quatenus
515 1907 589 1964 nihil
611 1908 652 1964 ibi
674 1909 812 1979 resideat,
836 1909 913 1978 quod
935 1908 1068 1964 lectorem
1093 1907 1179 1962 offen·

184 1995 202 2033 a
247 1996 304 2048 eqs.
