2672 4052
568 182 785 247 ‚54-

169 343 308 426 dumque
331 341 407 407 novi
430 340 573 406 studium
597 341 741 406 comoedi
764 346 932 426 quaereret
955 341 1024 426 illa,

213 453 310 516 quem
332 430 401 495 vice
423 429 592 495 Menandri
615 435 727 515 posset
749 430 869 496 habere
893 431 956 514 sui,

168 542 219 585 me
243 541 303 604 pro
326 519 502 585 Menandro
525 518 613 584 volui
636 518 701 583 sibi
724 519 854 584 reddere
877 519 974 607 longe

128 629 155 669 eo
212 609 318 692 impar
340 608 510 693 proposito
533 607 731 692 materiaque
754 608 867 673 minor.

168 720 228 781 pro
252 699 353 763 fracta
376 697 450 762 navi
474 696 561 762 dicar
584 697 752 762 simulasse
775 718 977 782 cupressum,

214 790 305 851 extre
327 785 533 870 propositum
556 807 647 850 musa
670 786 810 851 cucurrit
833 786 902 851 iter.

169 897 248 940 exeo
272 874 473 959 comoedum,
496 875 576 940 fines
600 874 764 939 comoedia
787 874 903 941 transit

212 967 323 1028 nostra
347 985 436 1048 suos,
458 963 597 1028 miscens
620 985 686 1028 non
709 985 767 1028 sua
790 965 889 1029 verba
912 963 987 1028 suis.

128 1071 155 1114 11
168 1051 310 1117 inveniet
332 1051 452 1117 lasciva
474 1052 571 1117 nimis
595 1051 659 1117 sibi
682 1052 781 1117 verba
803 1053 940 1138 pudicus

213 1141 327 1206 lector:
349 1141 517 1225 materiae,
540 1163 606 1206 non
630 1163 701 1206 mea
724 1141 820 1226 culpa
843 1142 914 1206 fuit.

168 1252 209 1294 ne
232 1233 429 1295 matronaret
451 1229 605 1295 meretrix
628 1229 663 1294 in
686 1231 785 1295 verba
808 1229 961 1315 Sabinae,

214 1323 290 1383 sunt
314 1339 371 1384 sua
394 1319 548 1383 materiae
571 1318 696 1384 reddita
718 1319 818 1384 verba
841 1341 925 1384 suae.

169 1513 274 1579 Fusus
297 1513 332 1579 in
355 1514 524 1598 amplexus
548 1514 705 1598 parientis
727 1513 875 1601 coniugis
897 1511 994 1580 Ulfus

72 1585 82 1648 i
129 1605 156 1646 ⁸⁰
215 1603 338 1668 iuratos
361 1603 507 1687 queritur
530 1603 565 1668 111
588 1625 645 1668 sua
669 1604 784 1668 damna
807 1603 891 1668 deos.

169 1691 297 1756 ‘accidit
319 1691 381 1756 hoc
404 1692 528 1756 homini
552 1692 752 1757 solummodo
776 1690 1025 1776 prosperitatis’,

213 1779 309 1846 Ulfus
332 1779 391 1864 ait,
415 1779 513 1864 ‘quod
535 1780 582 1843 nil
605 1779 833 1864 prosperitatis
855 1780 964 1844 habet.

168 1891 235 1934 non
256 1867 371 1932 misere
394 1867 492 1932 miser
515 1872 579 1953 est,
604 1867 654 1932 cui
678 1868 725 1932 nil
748 1867 854 1952 datur,
878 1868 962 1934 unde
985 1890 1102 1934 nocere

214 1957 290 2022 irati
313 1957 418 2042 possit
440 1957 582 2022 numinis
605 1956 653 2022 ira
677 1956 749 2022 sibi.

130 2066 156 2108 as
170 2069 236 2112 non
259 2045 374 2112 misere
397 2045 495 2112 miser
518 2051 579 2133 est,
603 2047 654 2111 cui
677 2046 725 2112 nil
748 2045 907 2111 concessit
929 2042 1115 2112 habendtm

215 2157 320 2220 casus,
343 2158 400 2202 cur
422 2136 518 2201 surdo
543 2135 705 2221 supplicet
728 2134 783 2199 ille
806 2133 883 2200 Iovi.

243 2335 275 2385 17
303 2329 425 2397 dumque
447 2345 552 2384 novum
571 2328 696 2383 studium
714 2327 861 2384 comoedia
880 2331 1028 2398 quaereret
1045 2327 1097 2382 illa
1152 2333 1186 2382 24

170 2402 268 2456 nostra
287 2399 344 2454 suis
363 2399 483 2454 miscens
538 2405 572 2454 36
590 2397 717 2454 inveniet
736 2398 791 2452 sibi
806 2399 893 2455 verba
911 2398 995 2453 nimis
1013 2397 1121 2455 lascive
1135 2417 1187 2469 pu-

171 2471 250 2525 dicus
324 2476 358 2526 30
376 2469 464 2525 iratos
538 2476 570 2525 31
592 2468 730 2538 accidit,
749 2469 832 2524 Ulfus
847 2469 898 2540 ait,
919 2470 1107 2526 ‘solummodo
1121 2487 1185 2540 pro·

172 2541 317 2613 speritatie
335 2541 389 2597 hoc
402 2540 523 2598 homini'
539 2557 590 2613 cqc.
650 2541 863 2596 3310111111
917 2547 951 2596 34
971 2543 1015 2597 sui
1070 2547 1188 2597 36111111

244 2741 278 2792 25
297 2736 353 2792 sibi
376 2743 535 2808 corruptam
554 2742 640 2807 potat
662 2753 696 2792 cc
719 2735 744 2790 si
768 2737 949 2792 Buechelcrua
978 2765 1011 2778 -·
1040 2743 1073 2790 29
1097 2735 1187 2790 Fusus

166 2810 264 2878 primo
282 2809 335 2866 litt.
353 2809 442 2865 maior
460 2814 485 2865 et
503 2810 590 2864 rutro
608 2807 641 2862 H
646 2807 684 2878 (L
695 2807 730 2875 V)
750 2837 782 2847 -
803 2811 837 2862 30
855 2806 976 2878 iuratos]
995 2805 1083 2861 iratos
1103 2807 1138 2861 H
1154 2838 1188 2849 -

173 2881 380 3007 {tlaitwrpp
399 2881 532 2951 praebeat
554 2880 587 2935 H
592 2880 636 2946 bl,
658 2879 818 2950 maumonii
838 2879 869 2933 X
890 2894 951 2934 cam
970 2876 1076 2943 LVW
1096 2908 1129 2919 -
1153 2884 1188 2934 33

248 3135 279 3185 17
299 3127 435 3200 studium]
458 3129 555 3183 vatem
568 3127 714 3198 proposuit
734 3127 772 3182 M
798 3155 831 3169 -
861 3130 894 3181 18
918 3126 1027 3198 posset]
1051 3126 1143 3197 possit
1166 3126 1193 3182 V

174 3199 882 3343 -19101130110dgdiiWcmescpraveraem
899 3269 958 3340 m.¹)
990 3299 1024 3310 -
1057 3275 1090 3324 21
1110 3266 1175 3322 navi

172 3359 246 3398 nave
270 3343 309 3396 W
337 3372 367 3385 -
396 3347 431 3398 23
450 3339 631 3422 comoedum]
648 3339 814 3394 comendam
827 3339 854 3393 L
882 3371 916 3380 -
945 3345 979 3396 37
1003 3336 1177 3421 matronaret

174 3416 350 3469 matronarer
369 3413 395 3466 V
412 3410 697 3468 -29Narrat10ia
710 3427 770 3466 mor
790 3411 837 3466 ‚L
858 3443 890 3452 -
910 3427 956 3466 am
977 3410 1033 3465 lex'
1059 3426 1118 3464 aaa
1136 3409 1188 3465 zat.

176 3487 234 3556 (113)
254 3501 333 3542 eroco
356 3484 396 3541 W
412 3514 444 3526 -
464 3489 497 3539 31
518 3481 624 3538 accidit
645 3481 675 3536 111
697 3427 802 3538 mundo
821 3429 995 3538 solummodo
1038 3477 1190 3549 rosperita·

176 3556 215 3613 tis
233 3556 287 3614 hoa
305 3553 414 3614 homini
432 3571 483 3627 cqc.
505 3555 533 3609 P
549 3584 584 3596 -
604 3558 637 3610 33
656 3554 726 3626 non]
744 3552 786 3607 nil
807 3554 834 3607 P
852 3583 885 3595 -
905 3559 938 3607 33
958 3497 1037 3621 eumd
1053 3565 1103 3604 cur
1121 3550 1150 3605 P
