2672 4052
544 229 763 293 „19-

145 391 347 479 Apollinaris
361 391 422 454 sub
439 411 558 454 annum
570 389 645 473 472,
660 387 736 451 dum
751 385 881 450 Terenti
895 384 1057 470 Hecyram
1070 385 1161 471 legit,

146 482 243 548 simul
275 479 527 563 Epitrepontem
558 474 726 541 Menandri
764 475 798 539 in
834 474 985 538 manibus
1015 474 1162 538 habebat

146 571 256 658 (epist.
270 568 325 653 IV,
342 565 398 652 12)
409 564 442 653 ¹).
474 565 622 649 Denique
636 563 804 629 Menandri
824 562 1062 628 comoediarum
1075 584 1161 627 men-

146 660 271 724 tionem
293 655 415 720 faciunt
438 653 578 740 catalogi
601 653 761 717 librorum
789 651 896 738 graeci
925 651 1096 736 compositi
1124 655 1163 714 ut

146 747 274 812 videtur
300 745 385 809 intra
412 765 514 808 annos
544 743 630 808 1565
653 745 686 806 et
711 742 806 828 1575,
830 764 910 825 quos
933 741 968 805 in
992 741 1162 805 ‘commen-

147 836 269 900 tatione
297 834 335 898 de
362 831 615 917 antiquitatibus
643 834 675 894 et
702 829 798 894 libris
825 828 1054 914 manuscriptis
1082 827 1161 893 Con-

148 921 456 1006 stantinopolitanis'
476 920 600 1006 (progr.
620 919 853 984 Rostochiense
874 916 975 1004 1877)
995 917 1095 982 edidit
1108 917 1162 982 lti-

146 1013 263 1088 cardus
290 1011 450 1076 Foerster.
488 1008 539 1073 lbi
564 1008 649 1073 enim
672 1008 758 1072 inter
791 1029 889 1092 opera
920 1006 1162 1093 pretiosissima,

146 1102 240 1187 ‘quae
264 1100 291 1166 si
316 1098 561 1184 repperirentur
583 1096 771 1162 incredibile
795 1096 884 1161 dictu
905 1101 1062 1181 quantum
1080 1098 1163 1162 exci-

144 1195 252 1255 tarent
275 1187 520 1274 philologorum
543 1189 575 1250 et
597 1185 826 1250 historicorum
844 1184 1019 1272 gaudium',
1042 1186 1163 1252 inveni-

147 1302 219 1344 mus
238 1278 327 1366 (pag.
347 1279 400 1362 20,
421 1275 479 1341 col.
499 1298 527 1359 a,
545 1273 591 1361 β’)
613 1283 674 1340 τοῦ
697 1273 887 1361 μενᾶνὸρου
908 1275 967 1352 τὰς
989 1277 1164 1364 κωμῳδίας

149 1369 229 1444 ὅλας
251 1369 309 1443 τὰς
333 1363 611 1449 εἰκοσιτέσσαρας·
634 1361 689 1429 καὶ
713 1361 874 1446 ἐξηγεῖται
896 1363 998 1441 αὐτας
1020 1364 1039 1430 ὁ
1062 1363 1162 1450 ὑπέρ-

147 1479 241 1540 τιμος
259 1458 322 1539 adp
341 1454 461 1538 μιχαὴλ
480 1453 497 1519 ὁ
516 1455 638 1531 dalida
657 1456 690 1516 et
707 1450 797 1539 (pag.
816 1454 869 1538 29,
888 1451 946 1516 col.
966 1474 993 1537 a,
1015 1452 1050 1516 in
1068 1452 1162 1518 libris

147 1539 389 1628 Ithaedestinis)
412 1541 600 1627 pavdvdpoo
622 1541 810 1629 κωμῳᾶιἀς;
833 1563 852 1604 a
874 1539 1031 1604 Michaele
1053 1540 1161 1607 Psello

147 1637 258 1697 autem
280 1629 497 1696 illustrissimo
520 1652 598 1695 saec.
618 1628 673 1695 XI.
696 1629 877 1712 professore
901 1633 1030 1713 praeter
1051 1629 1162 1713 plures

146 1721 227 1786 alios
250 1723 365 1804 poetas
382 1740 515 1804 graecos
533 1718 682 1784 classicae
701 1717 817 1783 aetatis
835 1719 1074 1783 commentariis
1092 1741 1161 1783 esse

144 1810 340 1875 instructum
366 1807 594 1891 Menandrum,
628 1829 724 1892 quem
756 1807 790 1870 in
822 1806 940 1872 scholis
972 1808 1161 1873 academicis

144 1902 283 1963 tractare
307 1897 447 1980 solebat,
470 1896 580 1961 docuit
603 1895 833 1960 Constantinus
857 1893 1013 1982 Sathasi).

146 2177 253 2233 ciation
271 2194 342 2248 pour
359 2176 619 2246 l'cncouragement
643 2174 692 2229 des
712 2175 811 2230 etudes
829 2191 966 2245 grecques
988 2191 1022 2229 en
1040 2175 1157 2231 France’

148 2255 226 2317 1877,
239 2265 304 2330 pag.
322 2255 371 2304 123
383 2266 454 2317 sqq,
474 2247 509 2302 al.
530 2278 564 2288 -
583 2244 749 2300 Comoedias
773 2246 809 2302 ad
834 2245 992 2316 exemplum
1010 2246 1159 2302 Menandri

148 2335 335 2389 composuisse
353 2320 444 2374 fertur
461 2316 663 2387 Apollinarius
688 2317 767 2371 cuius
785 2316 869 2387 filius,
893 2317 942 2386 qui
966 2317 1038 2373 obiit
1057 2335 1082 2374 a.
1097 2325 1158 2386 390,

145 2391 269 2460 psalm0s
287 2390 400 2445 rettulit
418 2389 449 2443 in
468 2405 579 2455 versns3
599 2387 723 2443 sednon
742 2391 848 2457 extant,
869 2388 935 2443 ride
954 2388 1159 2445 Krumbaeheri

144 2461 211 2518 hist.
238 2461 295 2520 litt.
318 2461 384 2530 Byr.
407 2477 472 2531 pag.
493 2464 553 2515 808.
590 2458 776 2515 Menandrum
803 2459 889 2515 etiam
916 2462 982 2529 post
1007 2460 1159 2516 Iustiniani

146 2535 268 2588 aetatem
293 2531 419 2587 nondum
436 2530 525 2586 fuisse
544 2529 741 2585 oblitteratum
759 2530 906 2586 contendit
925 2530 1159 2586 Wilamowitzius

142 2603 238 2675 Eurip.
258 2602 369 2658 Heracl.
387 2605 455 2658 tom.
474 2603 495 2657 l.
514 2618 579 2671 pag.
601 2608 658 2657 176.

218 2679 244 2742 1)
263 2673 355 2728 Huius
378 2672 436 2727 loci
457 2673 590 2728 notitiam
608 2672 697 2727 debeo
715 2671 895 2740 Buechelero,
916 2689 933 2727 a
950 2689 1006 2742 quo
1025 2689 1111 2744 opera
1129 2677 1159 2728 et

144 2746 262 2801 consilio
281 2761 328 2798 me
347 2761 456 2813 sempor
474 2760 537 2798 esse
556 2743 684 2797 adiutum
702 2747 783 2812 grato
803 2743 938 2799 confiteor
956 2743 1059 2800 animo.

215 2820 243 2886 2)
263 2814 337 2869 Vide
366 2814 518 2869 ‘Annuaire
542 2814 577 2870 de
600 2810 674 2869 l'ass.
693 2831 765 2884 pour
786 2815 955 2885 l'encourag.
980 2815 1028 2868 des
1046 2817 1082 2870 et.
1102 2817 1156 2884 gr!

144 2892 223 2956 1875,
237 2904 302 2958 pag.
319 2891 370 2942 187
382 2903 441 2954 sqq.
462 2887 491 2940 et
504 2890 678 2940 Μεσαιωνια.
694 2887 814 3009 papiro&
829 2906 888 2956 τομ.
905 2885 937 2955 V,
952 2903 1015 2955 pag.
1031 2883 1088 2957 μσς
1107 2886 1158 2941 ubi

143 2957 231 3012 Pselli
257 2957 326 3026 loci,
358 2957 458 3025 quibus
487 2957 522 3010 de
545 2956 698 3011 Menandro
736 2955 862 3026 oquitur,
890 2959 955 3011 sunt
979 2973 1045 3027 pag.
1066 2963 1099 3013 59
1115 2975 1155 3026 sq.

145 3029 174 3082 et
193 3034 253 3083 538.
289 3027 494 3082 Krumbacheri
512 3027 695 3097 sententiam,
723 3027 772 3096 qui
797 3027 946 3083 Menandri
973 3027 1017 3081 illi
1044 3031 1157 3082 tantum

143 3114 261 3168 gnomas
279 3099 367 3154 fuisse
389 3102 472 3153 notas
496 3102 605 3166 censet,
629 3098 693 3153 vide
712 3098 743 3152 in
760 3097 826 3155 hist.
845 3099 902 3155 litt.
921 3100 986 3169 Byz.
1005 3115 1069 3169 pag.
1089 3105 1155 3164 2183

143 3169 220 3224 idem
237 3169 343 3224 ibidem
357 3188 423 3240 pag.
438 3176 489 3224 221
506 3170 652 3238 catalogos
667 3169 830 3240 (ipolitanos
846 3187 863 3224 a
877 3169 1060 3224 falsificatore
1075 3169 1155 3225 fictos

142 3240 236 3296 causis
259 3257 314 3295 non
340 3241 446 3296 additis
471 3241 643 3310 suspicatur,
667 3258 729 3295 cum
753 3240 787 3295 de
811 3241 866 3296 fide
885 3258 942 3296 non
961 3239 1156 3295 dubitaverint

140 3314 255 3382 praeter
273 3312 391 3368 Satham
410 3315 439 3367 et
457 3311 636 3367 Foersterum
654 3311 842 3367 Buechelerus
864 3314 894 3366 et
916 3310 1035 3366 Sittlius.
1067 3310 1155 3368 Recte

140 3385 174 3438 ut
199 3386 270 3466 puto
299 3383 400 3439 Sathas
428 3382 526 3438 reiecit
549 3381 626 3439 Petri
649 3381 779 3452 Alcyonii
801 3383 889 3438 verba
907 3382 936 3454 (l.
952 3382 970 3438 l.
991 3398 1056 3452 pag.
1079 3387 1153 3455 189):

140 3455 284 3511 audivisse
299 3472 328 3511 se
342 3471 461 3526 puerum
475 3470 510 3508 ex
517 3453 661 3509 Demetrio
675 3453 865 3523 Chalcondyla
883 3453 1045 3510 auctoribus
1064 3471 1155 3510 sacer-

140 3526 255 3582 dotibus
288 3525 396 3598 graecis
422 3524 554 3594 Byzantii
582 3525 726 3596 complura
758 3529 885 3582 veterum
912 3527 1060 3596 poetarum
1089 3541 1154 3595 poe-

139 3604 226 3669 mata,
245 3597 320 3653 inter
339 3596 397 3652 alia
415 3595 562 3651 Menandri
582 3597 753 3666 comoedias,
774 3613 835 3654 esse
859 3597 1014 3668 combusta,
1033 3599 1067 3651 ut
1089 3596 1154 3651 sub-

904 3690 941 3741 ᾗ*
